2752 4806
133 396 182 444 590
218 409 223 415 “
524 398 645 442 SANCTI
660 399 821 442 AMBROSH

39 530 45 543 t
132 481 219 528 utsuis
228 479 315 527 utitur.
327 481 355 526 ln
365 471 568 540 hujusmodierqo
576 480 664 528 affectu
689 480 762 527 lentae
783 479 894 539 perterre
914 489 963 526 non
982 478 1059 537 possit
1076 478 1172 527 mentis
1186 479 1225 527 in.

94 554 97 564 ·
131 549 237 596 dicimus
255 548 321 608 quod
336 549 375 595 vir
391 547 536 596 divitiarum
554 548 599 606 sit,
614 559 664 594 non
689 560 794 595 cessum.
1251 588 1257 597 .

131 616 227 664 divitias
252 616 309 663 viri.
331 617 475 664 Intellectus
496 616 564 662 enim
584 617 663 664 bouus
719 618 759 664 os.
770 619 806 666 De
818 617 901 678 equite
917 618 1001 665 antem
1012 618 1106 664 lectum
1118 617 1157 664 est
1174 619 1225 663 :nt

131 686 259 734 utentibus
269 698 298 734 eo
310 700 317 732 ι
328 687 370 745 qui
379 687 463 733 autern
470 697 519 733 non
529 686 662 746 inteiligit,
687 701 755 746 eques
760 688 825 734 cadet
835 689 963 734 retrorsum
968 687 1224 745 ,exspectcnssaistem

132 755 153 802 is
166 754 252 813 ntique
270 755 411 804 intellectus
427 754 475 802 sibi
491 755 595 814 gratiam
613 768 662 802 non
687 759 791 804 Domini.
801 756 1224 815 Quianemosiuelapsnest‚etiam

130 823 212 883 potest
221 823 363 883 vindicare;
379 824 405 871 et
415 825 472 871 ideo
486 836 570 871 somno
580 822 661 871 temn·
686 824 706 870 si
718 823 773 882 quis
784 835 860 883 eques
875 822 1008 880 ceciderit,
1020 823 1046 871 et
1056 822 1166 869 terrenis
1178 823 1224 868 aii·

130 891 215 940 lentiae
224 893 363 952 consopitus
373 891 504 939 obdormit.
517 891 661 950 Huiusmodi
686 891 775 951 quibus
785 892 853 939 vitiis
868 891 945 939 inerit
962 892 1085 950 inflexum
1103 890 1124 938 si
1139 891 1224 938 tamen
1246 900 1253 923 ¹

131 960 602 1021 initurririsomnumsuumdormiunt‚
613 960 660 1007 hoc
685 973 734 1007 non
754 961 855 1019 abjiciet
873 973 942 1020 spem
961 961 1122 1020 resurgendi,
1141 961 1224 1008 fretus

131 1031 182 1089 est,
200 1042 272 1078 suum
287 1043 415 1089 somnum,
434 1042 484 1078 uon
499 1031 589 1080 Christi
604 1032 660 1079 dor·
685 1030 843 1089 miseratione
858 1030 959 1089 divina,
976 1030 1099 1090 pervenit
1115 1030 1146 1077 ad
1156 1030 1223 1077 saln-

129 1098 218 1147 miunt.
230 1100 260 1147 Et
269 1100 313 1158 qui
323 1112 435 1147 somnum
445 1100 534 1147 Christi
545 1113 595 1148 non
604 1101 660 1149 dor·
685 1099 745 1146 tem.
752 1101 786 1146 Dc
793 1099 937 1147 adscensore
944 1111 1004 1147 vero
1012 1098 1177 1146 manifestum
1186 1102 1225 1146 est

130 1168 225 1227 minut,
244 1180 294 1216 non
312 1169 406 1217 hebent
423 1169 514 1218 christi
534 1170 659 1230 quietem,
685 1167 819 1228 indicium,
831 1168 895 1229 qnod
906 1168 1115 1227 reprehensibilis
1129 1169 1223 1217 habes·

128 1248 178 1283 non
192 1238 296 1297 snrgunt
309 1238 398 1286 Christi
409 1239 603 1299 resurrectione3
615 1243 659 1301 qui
683 1237 737 1294 tur,
749 1237 847 1296 qnando
858 1237 952 1296 Moyses
967 1237 1021 1296 ipse
1037 1237 1074 1282 ait
1086 1237 1112 1282 iu
1124 1237 1222 1284 cantico

128 1306 165 1353 ait
175 1318 182 1352 a
193 1309 244 1367 Epo
259 1309 357 1356 dormivi
363 1339 372 1364 ,
385 1309 407 1356 et
417 1310 492 1368 quiem·
497 1341 505 1366 ‚
517 1311 538 1356 et
550 1313 658 1371 sunem
683 1304 773 1351 Exodi:
783 1307 878 1364 Equum
885 1307 907 1352 et
916 1307 1080 1353 adscensorem
1086 1307 1188 1366 proiecit
1198 1308 1224 1353 io

50 1411 52 1415 .
128 1377 241 1434 quoniam
248 1377 365 1423 Dosniaes
374 1378 481 1436 suscipiet
490 1391 535 1426 me.
684 1385 758 1420 sacre.
767 1375 796 1420 nt
807 1373 833 1419 in
843 1373 961 1420 Zacharia
971 1374 1071 1421 locutus
1085 1374 1125 1421 est
1135 1375 1223 1421 Domi·

159 1439 201 1488 m·
210 1441 238 1488 ln
254 1442 301 1489 hoc
311 1443 403 1502 quique
414 1445 502 1491 saeculo
513 1444 657 1504 dormitant,
683 1453 729 1488 nus
738 1440 823 1489 dicens
833 1455 840 1488 ε
852 1444 986 1490 Pesmtiam
994 1455 1089 1489 omnem
1099 1456 1188 1503 equam
1196 1445 1222 1490 in

128 1509 197 1569 digni
215 1509 293 1556 habiti
309 1509 477 1568 increpatione
492 1512 601 1571 coelesti,
616 1514 658 1573 qui
683 1512 830 1568 amentis‚et
840 1512 1056 1570 adscemoremsjm
1066 1513 1092 1558 m
1104 1513 1221 1572 iusipien-

127 1577 308 1626 adscenderunt
328 1590 423 1638 equos,
443 1591 505 1638 quos
526 1579 658 1630 retraenare
678 1581 787 1626 timiton
797 1579 862 1627 dixit
871 1580 950 1626 solum
962 1592 1070 1639 equum,
1084 1581 1130 1627 sed
1141 1582 1171 1627 et
1180 1581 1221 1628 ad-

127 1658 178 1693 nou
199 1647 321 1706 poteraut
343 1646 458 1706 Legimus
478 1647 539 1694 alibi
558 1648 657 1697 dicente
683 1647 1219 1708 scensorem‚quomodoetinExodohabes:

126 1715 235 1762 Ecclesia
250 1716 303 1762 sive
320 1716 418 1763 anima:
431 1718 513 1764 Posuit
528 1728 564 1763 me
575 1729 657 1766 summ
682 1717 777 1776 Equusu
792 1719 815 1765 et
832 1719 1000 1764 udscmsorem.
1020 1717 1069 1763 Ubi
1089 1719 1129 1765 est
1152 1720 1219 1767 enim

126 1784 270 1836 Andocidi.
285 1783 311 1830 Si
329 1796 386 1843 erno
404 1784 486 1831 anima
502 1797 589 1831 currus
606 1787 656 1846 est,
682 1782 824 1843 adscensor,
842 1784 887 1843 qui
901 1796 952 1831 non
963 1784 1043 1842 potest
1055 1797 1152 1846 equum
1163 1801 1224 1847 pro-¹

75 1905 78 1909 ,
125 1854 184 1901 uide
195 1865 228 1900 ne
239 1866 316 1913 equus
327 1866 383 1901 caro
393 1855 425 1901 sit
436 1866 444 1913 3
456 1854 562 1914 agitator
572 1856 656 1903 autem
682 1851 765 1908 prium
773 1853 925 1912 gubernare,
937 1865 1016 1912 equus
1027 1867 1128 1914 quoqne
1140 1855 1220 1904 fertur

125 1921 196 1981 vigor
203 1921 310 1981 mentis,
322 1921 366 1980 qui
375 1923 440 1982 regit
447 1935 560 1982 carnem,
570 1924 595 1970 et
606 1936 657 1970 mo·
682 1920 708 1965 in
719 1932 841 1980 preceps,
852 1922 873 1968 si
884 1921 1003 1969 indomito
1018 1922 1105 1970 tutore
1116 1924 1146 1971 in
1156 1938 1217 1985 prae

125 1989 226 2047 tascius
235 1989 508 2051 sciatquosdamequos
517 1992 657 2052 prudentias
681 1989 751 2046 rupta
760 1988 785 2034 et
793 1989 931 2047 periculosa
939 1991 1060 2049 rapiatur.
1069 1992 1218 2052 Quidinitur

124 2058 229 2106 habenis
249 2059 356 2106 coercet.
376 2059 577 2108 Dormitnverunt
598 2072 656 2121 ergo
681 2057 751 2103 vobis
762 2057 788 2103 in
801 2056 872 2117 equis
882 2059 1018 2118 confiditis,
1030 2059 1143 2107 divites?
1153 2065 1218 2110 Men-

124 2126 168 2187 qni
183 2127 362 2176 adscenderunt
377 2130 485 2188 corporis
499 2129 654 2189 voluptates,
680 2124 729 2170 dax
739 2137 816 2185 equus
827 2127 859 2172 ad
869 2128 982 2174 salutem.
991 2128 1056 2186 Quid
1067 2129 1094 2176 in
1100 2133 1220 2180 curribus·

124 2198 193 2244 nulla
219 2209 261 2244 eas
287 2197 455 2246 moderamine
479 2200 653 2259 gubernantes,
680 2193 749 2241 vobis
763 2195 940 2253 plauditistiii
949 2198 975 2243 in
985 2199 1109 2257 caerites,
1122 2203 1146 2248 et
1158 2202 1184 2249 hi
1193 2205 1216 2249 in

124 2268 193 2315 Unde
204 2268 230 2316 et
241 2265 396 2316 adscensores
412 2280 454 2316 eos
469 2281 542 2328 quam
559 2269 655 2328 equites
679 2265 927 2323 quinamentorum
935 2269 1027 2314 nomiae
1035 2271 1140 2317 Domini
1149 2285 1216 2332 map-

123 2337 165 2385 vel
174 2337 304 2396 agitatores
312 2337 561 2397 maluitnuucnpare.
569 2338 654 2398 Agita·
679 2331 1214 2394 tffifflbi'mdi'·ld⁸i0blidssff⁸¹ffltselcefflere=

80 2452 83 2459 ¹
122 2407 265 2454 toretemm
283 2418 340 2453 cum
356 2405 486 2467 disciplina
497 2407 522 2454 et
538 2407 592 2455 arte
608 2422 653 2469 pro
678 2411 720 2446 asos
737 2404 816 2447 cutem
835 2404 982 2450 surreximus
997 2406 1019 2451 et
1036 2409 1110 2453 erecti
1125 2421 1213 2457 sumas.

122 2487 167 2522 suo
183 2487 258 2535 equos
272 2474 374 2522 animo
388 2475 464 2534 agnat
472 2508 480 2534 ‚
496 2476 525 2524 ut
541 2476 582 2523 ven
598 2490 654 2524 cur.
677 2466 756 2513 Nolite
768 2479 851 2515 umare
862 2469 1035 2518 adhinnientes
1049 2474 1148 2522 :nolite
1158 2509 1166 2532 ‚
1178 2477 1214 2524 di-

122 2544 206 2590 rentes
218 2542 306 2589 incitet
313 2574 325 2600 ‚,
331 2543 373 2590 vel
384 2543 494 2591 reflectat
506 2543 651 2606 indomitos,
677 2535 755 2596 istest
768 2536 869 2584 fremitu
881 2539 992 2586 libidinis
1001 2542 1119 2589 excitari·
1131 2545 1213 2592 Terri-

122 2611 164 2658 vei
171 2612 271 2658 revocet
278 2609 405 2669 fatigatos,
415 2611 455 2657 vel
464 2614 652 2672 mansuetospro
677 2604 735 2651 bilis
751 2608 789 2654 est
803 2607 935 2666 D011¹5¹¹1¹⁵s
953 2610 978 2655 θῑ
994 2609 1035 2655 ΰΰῖ
1050 2624 1127 2659 nemo
1138 2616 1213 2674 possit

113 2693 166 2731 ,sua
174 2678 301 2727 voluntate
311 2680 446 2726 convertat.
458 2680 525 2727 Unde
542 2694 599 2727 cum
611 2695 652 2728 re·
676 2675 763 2732 {³⁰2⁶ssss
773 2678 799 2724 et
807 2676 877 2724 dives
888 2678 1003 2726 resistcre
1017 2682 1157 2739 21'udicium
1167 2699 1213 2734 coe-

122 2748 246 2810 ciperetnr
256 2748 334 2805 nitas,
346 2747 371 2794 et
383 2760 456 2794 curru
467 2747 536 2808 quasi
552 2749 583 2795 ad
601 2763 651 2796 coe·
675 2744 867 2803 lestcjmulamr.

121 2817 647 2878 lumfenetnr,clamavitadeumniisaeus:

120 2889 208 2944 Pater,
223 2889 306 2945 poter,
324 2889 426 2946 aqitotor
441 2888 527 2944 isrcct,
544 2890 567 2935 et
583 2902 649 2948 eques
835 2861 961 2915 CAPUT
973 2866 1056 2917 XVI·

119 2957 206 3015 ipsius,
224 2955 270 3000 hoc
288 2956 339 3012 est,
357 2954 400 3015 qui
415 2956 532 3014 populum
548 2957 648 3005 Domini
675 2957 766 3004 Diuites,
782 2963 807 2998 ut
822 2961 956 3009 quiescente
973 2963 1059 3011 flagitiis
1076 2977 1101 3005 ac
1115 2969 1207 3009 Domino

120 3024 186 3070 hono
196 3023 271 3070 ductu
281 3023 397 3083 regebas,
409 3025 549 3071 constantiae
560 3027 649 3074 merito
697 3013 841 3062 confiteamur
847 3040 854 3062 ν
868 3017 966 3064 impellit.
979 3018 1096 3068 Qu⁰¹¹¹⁰⁶⁰
1114 3024 1163 3070 ¹1³⁵ss
1174 3025 1207 3062 di·

120 3090 165 3138 us
180 3091 296 3149 aceensa
430 3091 649 3151 usensis·
696 3071 1208 3175 322³:samanae“densantes

119 3159 179 3205 rina
195 3159 336 3216 currentes,
352 3162 411 3218 quia
427 3160 605 3208 moderatorem
623 3164 648 3210 te
696 3176 762 3213 verna
774 3178 839 3214 etism
855 3180 985 3226 pauperinus
999 3184 1207 3236 accommodamus,

119 3229 282 3284 humanarum
288 3228 408 3275 mentium
413 3227 649 3289 Dominuscompro-
695 3232 716 3266 εἰ
725 3231 772 3278 qun
781 3242 793 3268 a
803 3232 846 3270 neo
856 3233 939 3271 recensi
948 3260 953 3276 ·
963 3235 1090 3276 ostenditur.

119 3297 201 3356 bavit3
219 3296 245 3344 et
258 3296 313 3344 ideo
327 3298 451 3358 tamquam
461 3297 539 3346 bonus
548 3300 647 3361 auriga,
703 3299 741 3346 66.
752 3302 847 3355 Bonum
858 3304 929 3351 estut
937 3305 988 3363 jam
999 3306 1151 3369 quiescatis,
1161 3312 1206 3357 eta

119 3366 262 3415 certaminis
272 3366 351 3414 victor
361 3368 456 3415 aeterno
469 3369 570 3428 praemio
581 3381 648 3417 coro·
672 3369 772 3428 flagitiis
787 3370 906 3419 feriantes
925 3376 1090 3422 revereamini
1108 3379 1206 3426 Domini

118 3437 195 3484 uraris.
206 3437 234 3482 ln
242 3436 353 3484 Habacuc
361 3449 458 3496 quoque
469 3438 588 3498 propheta
597 3439 648 3492 lec·
671 3439 826 3497 potestatem.
846 3441 903 3488 ideo
920 3442 1015 3489 dictum
1027 3446 1064 3490 est
1075 3447 1207 3504 parricide

118 3507 172 3551 tum
181 3504 235 3562 est,
245 3504 276 3552 ad
294 3505 374 3564 ipsum
390 3506 521 3553 Dominum
533 3506 647 3554 dictum:
671 3508 741 3554 cain:
750 3511 866 3568 peccasti,
881 3514 968 3572 quiesce
974 3544 982 3568 ,
995 3513 1022 3559 ut
1034 3515 1139 3561 modum
1148 3529 1207 3575 pec-

119 3572 246 3620 Adsccudes
256 3586 325 3632 saper
337 3587 406 3633 equos
417 3578 482 3631 mos,
498 3577 521 3622 et
530 3577 646 3636 equitatus
671 3577 725 3623 ceto
741 3590 784 3624 suo
801 3582 915 3637 poneret.
934 3580 1102 3639 Cogitationes
1118 3584 1207 3632 vestrm

118 3641 252 3688 inassatas.
263 3640 440 3699 dgitavitenim
448 3645 567 3702 apostolos
575 3657 645 3704 snos,
671 3646 834 3694 confiteantur
843 3649 956 3695 Domino.
968 3650 1019 3695 Non
1029 3650 1121 3698 dicatis
1133 3665 1140 3698 ε
1152 3654 1204 3700 Non

118 3721 179 3768 quus
197 3721 243 3768 per
254 3708 350 3756 diversa
364 3712 470 3772 direxit,
481 3713 509 3759 ut
519 3714 570 3761 toto
586 3714 644 3773 orbe
669 3716 835 3773 peccavimus.
852 3717 922 3764 Dixit
938 3718 1027 3764 Paulus
1047 3731 1053 3763 :
1073 3720 1129 3768 Etsi
1145 3722 1204 3769 niisit

117 3777 276 3838 Evunqeiium
282 3779 451 3837 praedicarent.
458 3782 643 3844 incandescit,
668 3786 727 3832 miti
736 3789 841 3834 cometus
851 3801 903 3834 sum
910 3820 919 3844 ‚
930 3788 1024 3835 addidit
1039 3791 1126 3836 tamen
1139 3804 1145 3836 ι
1159 3794 1203 3838 scd

116 3849 186 3908 quasi
202 3844 290 3894 rectori
304 3859 439 3906 equorum,
455 3862 504 3896 non
518 3852 586 3911 quasi
602 3853 645 3900 ad·
668 3868 715 3902 noa
724 3855 1002 3914 iuisocjcsiiticamssam.
1013 3859 1041 3904 Et
1050 3871 1093 3906 vos
1103 3860 1201 3907 etiamsi

117 3919 234 3967 scensori.
244 3916 375 3965 Adscendit
386 3918 452 3966 enim
463 3920 538 3967 etiam
554 3935 642 3982 eques,
667 3924 731 3971 nihii
747 3925 806 3972 estis
820 3925 926 3984 conscii,
945 3927 1097 3974 confitemini
1117 3929 1201 3976 tamen

116 3987 642 4047 sedutmnnt,nonuttantummodoscdeat:
667 3993 782 4052 Domino,
790 3994 1047 4054 nequidsitquodvos
1055 3996 1202 4054 praetereat

117 4067 146 4102 co
167 4057 232 4116 quod
252 4057 400 4118 desidiosus,
419 4056 444 4104 et
459 4056 528 4118 piger
546 4072 642 4110 somno-
667 4061 763 4109 Etenim
771 4062 814 4123 qui
826 4063 957 4113 confitetur
964 4063 1113 4126 Dominum,
1124 4067 1150 4115 et
1160 4079 1201 4114 se·
