2752 4806
179 451 208 496 00
570 454 687 515 sanem
706 455 866 500 nuunosrv

177 544 260 597 num,
274 545 337 587 cum
349 532 515 602 intelligeret
533 533 607 589 circa
623 549 653 590 se
672 535 723 589 bei
736 535 923 599 voluntatem,
947 547 999 588 nec
1017 547 1046 588 se
1062 532 1166 587 diutius
1177 546 1257 602 posse

177 609 321 676 resistere,
334 611 483 680 postulavit
498 625 552 665 non
563 627 592 667 se
605 612 657 666 nisi
670 613 829 668 acatholico
842 611 1113 680 episeopobaptinari
1121 627 1129 677 ;
1142 613 1257 666 sollicite

177 689 252 743 cuim
270 690 386 744 cavebat
405 688 550 759 perfidiam
570 691 752 745 arrianorum.
769 691 926 760 baptizatus
947 691 1041 761 itaque
1057 689 1147 745 100100
1165 691 1257 744 omnia

176 766 363 822 ecclesiastica
379 766 470 822 officia
485 768 629 837 implesse,
644 771 728 839 atque
744 770 839 823 octava
851 768 896 823 die
908 768 1051 839 episcopus
1063 768 1204 823 ordinatus
1215 773 1257 823 001

176 858 284 919 summa
300 860 365 900 eum
378 845 469 916 gratia
480 848 509 902 et
520 847 615 901 laetitia
627 848 790 905 cunctorum
799 848 819 896 ἱ
830 847 917 916 igitur
928 849 989 916 post
1001 862 1086 902 annos
1097 848 1201 918 aliquot
1212 861 1258 901 00-

176 923 323 980 dinationis
335 940 393 980 suae
404 925 440 980 ad
448 926 548 981 urbem
556 930 687 992 Romam,
697 927 799 980 bocest
807 966 814 991 ,
823 925 858 980 ad
868 926 1011 995 proprium
1022 929 1110 981 solum
1118 926 1256 996 perrexit,

177 1001 272 1073 ibique
283 1005 406 1059 sanctam
421 1005 557 1075 puellam,
572 1004 607 1060 de
622 1018 677 1075 qua
688 1019 772 1074 supra
784 1004 1013 1070 memoravimus,
1028 1005 1073 1059 eui
1086 1019 1199 1059 manum
1211 1002 1257 1057 oi·

175 1079 250 1137 ierre
266 1083 362 1138 solitus
380 1086 454 1148 erat,
473 1083 501 1137 in
521 1081 602 1137 domo
617 1083 729 1151 0000010
753 1097 817 1137 oum
833 1096 980 1151 germana,
999 1083 1072 1136 sicut
1087 1083 1256 1153 reliquerat,

176 1160 296 1226 invenit,
311 1163 368 1231 jam
384 1164 473 1215 matre
490 1159 632 1216 defuncta.
646 1163 737 1230 Atque
754 1175 818 1216 curn
836 1162 881 1214 illa
898 1159 1039 1214 dexteram
1055 1159 1129 1214 illius
1147 1161 1257 1214 oscula-

176 1239 273 1304 retur,
287 1238 433 1294 subridens
449 1236 488 1292 ait
501 1237 541 1291 illi
559 1253 566 1290 z
585 1258 600 1286 u
614 1241 698 1305 Ecce,
713 1241 745 1294 01
760 1239 888 1294 dicebam
903 1239 967 1306 tibi,
982 1239 1131 1294 sacerdotis
1144 1253 1257 1295 manuni

177 1337 192 1363 »ι
204 1317 346 1371 oscularis.
355 1339 370 1366 »

210 1397 252 1450 10.
265 1400 317 1451 Per
329 1396 401 1453 idem
413 1396 524 1468 tempus
535 1411 599 1453 cum
610 1398 686 1453 trans
699 1397 820 1452 'tiberim
832 1396 906 1467 apud
916 1392 1064 1469 quamdam
1078 1399 1257 1453 clarissimam

176 1475 308 1530 invitatus
325 1474 493 1532 sacrificium
504 1477 533 1530 in
547 1477 627 1531 domo
642 1475 773 1542 01100001,
785 1477 912 1546 quaedam
924 1477 1079 1532 balneatrix
1092 1494 1154 1547 quae
1170 1492 1255 1547 para-

175 1553 259 1623 lytica
271 1554 299 1606 in
311 1555 382 1608 lecto
392 1554 520 1624 Jacebat,
533 1570 599 1609 cum
616 1555 786 1631 cognovisset
804 1554 907 1610 ibidem
922 1569 981 1610 0000
998 1556 1108 1609 Domini
1120 1555 1256 1611 Sacerdo-

176 1634 246 1697 tem,
260 1632 288 1685 10
301 1633 399 1688 0011010
411 1647 441 1688 00
454 1632 489 1687 ad
500 1632 627 1689 eamdem
638 1633 767 1698 domum,
782 1632 817 1687 ad
829 1648 912 1702 quam
924 1633 970 1688 ille
982 1630 1115 1688 invitatus
1126 1638 1256 1700 0000001,

175 1708 368 1780 000100110011,
379 1713 463 1780 01000
472 1711 576 1765 0000110
584 1713 612 1766 01
622 1712 787 1781 imponentis
794 1726 892 1766 manus
898 1708 1061 1767 vestimenta
1073 1714 1180 1783 adtigit.
1189 1716 1257 1783 Quae

175 1803 241 1844 cum
254 1790 470 1855 exoscularetur,
480 1790 574 1844 statim
583 1791 700 1846 sanitate
712 1791 839 1859 recepta,
850 1792 993 1846 ambulare
1003 1794 1088 1863 eoepit
1099 1811 1106 1858 ;
1119 1797 1150 1848 01
1160 1795 1259 1863 imple·

84 1914 92 1927 ,
175 1869 254 1923 00100
268 1867 336 1921 illud
347 1867 523 1923 bominicnm
533 1868 638 1923 dictum
648 1869 682 1923 ad
692 1870 826 1938 apostolos
836 1871 1069 1940 :Etiommoq'ora
1078 1871 1123 1928 bis
1132 1872 1256 1940 facietis,

175 1941 363 2002 0001001εεί0
371 1947 486 2001 0001100
498 1961 571 2002 meo.
584 1948 662 2016 Quod
669 1950 762 2003 tamen
772 1949 881 2018 signum
888 1949 1011 2003 sanitatis
1018 1953 1050 2004 ut
1056 1951 1182 2005 mirabile
1191 1950 1257 2015 1011,

176 2025 214 2080 110
225 2025 310 2081 etiarn
321 2040 373 2081 000
384 2026 538 2092 00001100ος
549 2041 613 2081 nam
623 2042 674 2098 ego
686 2028 737 2081 hoc
750 2028 778 2081 in
790 2027 886 2095 cadem
899 2027 1011 2096 regione
1024 2031 1085 2096 post
1094 2044 1178 2084 annos
1187 2032 1254 2099 plu-

175 2104 272 2170 rimos,
283 2104 385 2160 sanctis
393 2105 460 2159 viris
475 2104 675 2170 referentibus,
687 2106 792 2174 positus
805 2105 834 2158 in
846 2106 917 2160 Urbe
930 2107 1056 2175 cognovi.

209 2185 251 2238 11.
265 2183 395 2252 Sirmium
403 2198 470 2239 0000
482 2198 546 2238 cum
555 2183 590 2238 ad
598 2183 782 2237 ordinandum
792 2183 951 2253 episcopum
960 2184 1258 2254 Anemiumperrenis«

128 2284 131 2292 ¹
175 2264 233 2330 set,
249 2263 344 2333 ibique
361 2263 477 2335 tustinae
488 2265 556 2318 tunc
568 2263 700 2332 temporis
712 2264 816 2332 reginae
825 2261 948 2331 potentia
959 2264 988 2317 et
999 2264 1177 2319 multitudine
1190 2280 1257 2320 coa-

175 2342 278 2397 dunata
287 2341 322 2396 de
333 2341 454 2397 Ecclesia
465 2343 617 2411 pelleretur
624 2357 632 2406 3
643 2341 675 2395 ut
687 2355 742 2396 non
753 2341 869 2409 abipso,
880 2340 929 2394 sed
938 2340 972 2393 ab
980 2340 1118 2396 haereticis
1130 2344 1257 2399 arrianus
1288 2397 1295 2405 ,

176 2421 358 2491 episcopusin
368 2420 465 2476 eadem
475 2421 596 2476 Ecclesia
606 2421 781 2475 ordinaretur
795 2435 801 2472 :
814 2419 941 2485 essetque
951 2418 1116 2473 constitutus
1126 2420 1154 2473 in
1164 2422 1257 2476 tribu-

176 2501 247 2565 nali,
258 2500 327 2554 nihil
337 2514 438 2555 curans
448 2514 560 2565 eorum,
574 2516 637 2571 quae
649 2516 664 2554 a
677 2501 795 2555 muliere
808 2499 1000 2554 excitabantur
1005 2514 1013 2563 3
1026 2513 1082 2552 una
1091 2498 1125 2553 de
1136 2501 1257 2570 virgini-

175 2578 228 2633 bus
239 2579 411 2638 arrianorum
421 2577 607 2648 impudentior
614 2578 724 2632 caeteris
733 2617 741 2644 ,
750 2577 872 2631 tribunal
881 2575 1077 2642 conscendens,
1085 2579 1257 2646 apprehenso

175 2657 338 2713 vestimento
344 2657 515 2723 Sacerdotis,
527 2672 591 2712 cam
601 2659 680 2712 illurn
687 2657 833 2711 adtrahere
842 2657 926 2712 vellet
935 2656 1085 2726 adpartem
1091 2659 1256 2725 mulierum,

176 2739 208 2793 ut
223 2738 257 2791 ab
274 2734 340 2806 ipsis
352 2750 439 2791 caesus
448 2736 483 2790 de
495 2735 615 2791 licelesia
629 2737 780 2805 pelleretur
787 2752 796 2802 ;
810 2735 849 2790 ait
860 2735 902 2800 ei,
915 2737 947 2789 ut
962 2735 1020 2805 ipse
1030 2736 1126 2789 solitus
1137 2739 1197 2790 erat
1207 2753 1256 2793 re·

174 2816 249 2886 ferre
260 2829 267 2870 :
278 2837 293 2863 «
303 2815 361 2870 Etsi
369 2829 420 2885 ego
432 2814 563 2885 indignus
572 2816 651 2869 tanto
661 2814 814 2870 sacerdotio
823 2829 902 2879 sum,
915 2815 1007 2867 tamen
1020 2815 1048 2867 te
1060 2828 1114 2867 non
1130 2817 1257 2870 convenit

175 2916 190 2943 0
199 2895 244 2950 001
252 2892 450 2964 professionem
465 2892 542 2949 tuam
551 2893 580 2947 in
589 2896 821 2964 qualemcumque
832 2891 1004 2946 sacerdotem
1013 2906 1110 2947 manus
1122 2894 1235 2963 injicere
1247 2913 1255 2959 ;

175 2993 191 3022 n
201 2973 273 3028 unde
282 2973 398 3027 deberes
404 2972 495 3026 vereri
505 2973 555 3026 Dei
560 2972 706 3042 judicium,
714 2978 749 3025 00
755 2971 808 3024 1111
818 2970 924 3040 aliquid
933 2970 998 3023 mali
1005 2973 1140 3026 eveniret.
1152 2975 1257 3041 »Quod

175 3052 281 3108 dictum
297 3050 388 3106 exitus
401 3047 588 3115 confirmavit;
603 3050 731 3104 namatio
743 3049 788 3104 die
801 3050 938 3104 mortuam
951 3048 986 3103 ad
996 3051 1155 3119 sepulcrum
1166 3067 1255 3122 usque

175 3129 305 3194 deduxit,
318 3128 435 3199 gratiam
445 3143 496 3198 000
511 3127 680 3183 contumelia
695 3128 860 3197 rependens.
874 3129 906 3182 at
917 3128 970 3181 boc
981 3126 1086 3183 facturn
1102 3143 1156 3182 non
1167 3130 1257 3184 levem

175 3208 340 3265 adversariis
352 3207 467 3262 incussit
485 3207 604 3275 metum,
624 3220 778 3278 pacemque
791 3221 920 3278 magnam
932 3208 1061 3262 Ecclesiae
1071 3208 1213 3262 catholicae
1227 3208 1256 3262 in

175 3288 327 3343 ordinando
337 3287 466 3357 00100000
476 3285 584 3341 tribuit.
652 3328 655 3332 ,

209 3370 252 3424 la.
266 3367 397 3423 Ordinato
407 3366 501 3436 itaque
514 3365 816 3433 catlrolleosacerdote,
826 3366 1011 3422 Mediolanum
1022 3366 1188 3433 revertitur,
1202 3367 1257 3421 ibi-

175 3463 231 3520 que
240 3446 406 3518 supradictae
415 3447 531 3500 destinae
542 3447 667 3501 mulieris
679 3446 838 3503 innumeras
846 3446 957 3501 insidias
967 3447 1112 3512 sustinuit,
1123 3462 1186 3517 quae
1195 3461 1259 3500 mu-

176 3527 289 3583 neribus
300 3528 384 3597 atque
401 3526 552 3581 honoribus
562 3525 694 3582 adversus
705 3530 831 3581 sanctum
843 3527 934 3582 virum
943 3526 1055 3592 oblatis,
1066 3527 1198 3596 populum
1208 3541 1257 3582 en·

176 3606 289 3661 citabat.
307 3605 361 3660 Sed
376 3604 549 3660 infirmorum
566 3605 653 3660 animi
674 3607 775 3660 talibus
792 3605 932 3675 promissis
949 3605 1174 3674 decipiebantur3
1193 3621 1258 3676 pro-

198 3729 208 3748 ·
215 3728 242 3766 111
249 3727 294 3774 lam
303 3727 375 3776 paucis
384 3730 429 3775 0001
442 3727 518 3766 diebus
531 3728 556 3764 ab
569 3728 717 3774 ordinatione,
727 3737 850 3776 generosam
861 3727 1069 3773 illam'libertatem‚
1084 3737 1150 3775 quam
1161 3727 1257 3764 sacerdos

174 3784 255 3825 Christi
267 3783 369 3823 adversus
378 3784 482 3832 principes
494 3789 643 3833 rlrarguutesquo¹
652 3785 727 3823 seculi
743 3785 844 3822 adhihere
858 3784 1008 3826 constituerat.
1017 3787 1115 3832 expertus
1123 3788 1152 3821 cst
1161 3782 1258 3821 Valenti.

175 3843 252 3881 arianus
262 3852 360 3890 magnus.
368 3841 426 3880 Cum
433 3841 495 3880 (11000
503 3841 628 3880 Ambrosius
640 3843 711 3878 multa
724 3851 774 3879 cum
791 3841 889 3879 libertate
902 3843 1056 3890 imperatorem
1071 3841 1191 3888 alloquens,
1203 3851 1257 3879 non·

175 3900 236 3938 nulla
245 3896 422 3947 reprehendisset,
432 3909 483 3947 quae
492 3909 504 3936 a
513 3899 672 3946 magistratibus
680 3897 739 3935 baud
752 3902 810 3936 recte
822 3898 876 3937 iacta
888 3909 930 3937 esse
939 3898 1078 3944 ridebantur,
1088 3897 1196 3944 respondit
1209 3899 1257 3936 im-

174 3962 272 4008 perator:
280 3973 290 3990 ι
297 3957 358 3996 lianc
366 3960 427 3995 tuam
434 3957 556 3995 libertatem
562 3956 607 4003 jam
614 3955 698 4003 pridem
707 3956 814 4003 cognitam
819 3957 923 3995 habebam
930 3967 935 4001 l
941 3955 977 3995 sed
983 3957 1032 3994 licet
1038 3965 1086 3993 eam
1094 3955 1160 4002 probe
1168 3966 1257 4000 nossem,

175 4031 187 4050 ι
195 4027 237 4055 000
245 4017 315 4054 101000
325 4023 368 4052 000
378 4013 507 4056 contradixi.
517 4013 585 4052 immo
594 4013 706 4051 adsensum
715 4013 802 4061 praebui
810 4014 939 4052 ordinationi
950 4018 1003 4055 tuae.
1014 4012 1104 4050 Proinde
1114 4013 1196 4052 delictis
1206 4015 1256 4051 ani-

175 4074 415 4170 ιιωιῖᾚωηωπι
424 4070 554 4111 medicinam
568 4068 659 4119 adhibe.
672 4069 858 4120 quemadmodum
871 4070 945 4112 0110100
959 4070 994 4110 lex
1005 4070 1112 4120 praecipit.
1122 4083 1133 4104 ο
1146 4072 1255 4112 alubret

197 4133 227 4169 iet.
302 4159 307 4169 .
850 4156 853 4160 .
