2752 4806
536 474 662 521 sancus
680 458 856 522 ana'a‘osir

153 611 1234 637 mm

466 731 616 801 LIBER
635 733 905 805 SECUNDUS.

406 921 452 960 Mi
471 921 834 966 INTEMEBLA'HONR
850 924 974 968 navio.

643 1072 740 1086 m

329 1178 455 1233 CAPUT
473 1179 499 1230 1.
704 1179 752 1227 sibi
759 1180 910 1229 clarentibus
917 1181 1150 1244 admiscebatur,et
1157 1184 1239 1232 socie

151 1279 198 1325 Post
209 1285 326 1324 absolutam
335 1286 517 1339 vehementiorem
526 1283 678 1334 interpellatio·
704 1250 781 1330 ΜΨ
798 1251 866 1330 ''Pdae
886 1251 1018 1330 Prfflitms
1037 1252 1089 1299 sibi
1108 1252 1235 1312 ³d⁸⁰ivit¹

175 1349 225 1376 nem
243 1338 284 1377 Job
300 1340 398 1388 sequitur
416 1339 519 1388 placidior
536 1339 678 1386 interpellatio
704 1331 774 1377 ⁰⁰1¹ss
793 1319 949 1366 Slmfflatwne
968 1319 1087 1380 milesia,
1106 1333 1190 1380 usque
1207 1322 1235 1368 ω

175 1391 249 1430 navia.
260 1392 325 1430 nune
340 1402 383 1430 non
392 1393 463 1441 inepte
472 1403 537 1432 cervo
545 1393 678 1441 commeari,
704 1387 784 1435 crucis
800 1388 899 1448 laqueos
914 1389 939 1434 et
948 1388 1010 1435 retia
1021 1390 1146 1448 passionis
1156 1401 1237 1437 ames·

173 1455 226 1508 ΨΜ
240 1445 338 1509 ⁰.¹¹¹¹⁵¹¹¹⁸
348 1447 390 1494 Ψ
406 1457 444 1510 ¹'⁰.¹
454 1447 512 1512 ¹⁶⁶¹?
521 1447 629 1511 ²3³⁵F¹P⁸¹⁵⁰z
639 1446 678 1483 ‘¹⁰'
704 1457 746 1504 sii.
754 1457 824 1504 Unde
833 1469 963 1505 conuersus
971 1457 1001 1504 ad
1009 1469 1067 1504 enm
1077 1457 1145 1505 dixit
1152 1471 1159 1503 :
1166 1461 1236 1516 suda,

173 1508 254 1545 signam
265 1509 309 1536 non
318 1504 454 1539 recusauerat.
466 1501 503 1538 ills
514 1499 679 1538 similitudmem

173 1547 679 1601 hmcconvenioeponsnmumonpamonissus-
705 1527 782 1574 osculo
802 1527 876 1585 {ilium
897 1525 996 1574 laomiais
1017 1526 1117 1575 tradis?
1140 1528 1173 1574 Et
1193 1526 1235 1574 hoe

173 1605 302 1652 ceptionem,
316 1606 413 1644 Ecclesiae
423 1608 567 1649 vocationem.
577 1605 679 1654 prodiga·
704 1595 776 1642 modo
782 1595 883 1655 quidem
890 1595 961 1643 venit
972 1595 1003 1641 ad
1014 1595 1152 1654 synagogai
1161 1596 1237 1656 retia,

174 1658 254 1722 sionem
267 1658 355 1722 mmsis.
370 1663 434 1724 atque
442 1661 648 1724 apostolorumqut
657 1662 678 1697 0¹
704 1663 838 1725 volensque
850 1677 876 1711 se
885 1664 965 1710 induit
974 1676 981 1710 a
990 1664 1032 1710 sed
1040 1663 1239 1724 nonimplieitns

173 1722 213 1760 ¹⁰⁸¹
221 1722 279 1750 cern
288 1713 388 1756 fuerunt.
397 1723 524 1752 menonem
704 1731 754 1789 est,
765 1744 812 1778 nec
823 1732 963 1790 instrictus,
972 1732 1015 1791 qni
1022 1744 1112 1779 omnes
1122 1733 1236 1780 resolvit.

96 1852 100 1865 f
182 1799 205 1845 t.
225 1799 309 1845 lduarr
327 1797 426 1860 quidem
438 1798 629 1858 deploraverunt
638 1798 679 1844 in·
733 1800 758 1844 5.
769 1801 883 1859 Denique
895 1800 1019 1847 eminebat
1030 1813 1110 1860 snper
1120 1801 1199 1848 retia.
1210 1803 1239 1848 Et

151 1865 292 1915 firmitatem
303 1865 564 1927 fragilitatis'lrumanae
575 1880 582 1911 ι
594 1867 679 1914 excel·
704 1867 761 1926 quia
770 1880 828 1914 eum
838 1868 877 1915 sui
887 1881 936 1915 non
944 1870 1107 1928 susceperant
1115 1902 1129 1928 ,.
1137 1871 1238 1917 semlai

136 1956 138 1963 ·
151 1934 243 1981 lentius
258 1934 342 1980 tamcn
357 1935 452 1981 caeteris
467 1934 565 1981 sanctus
581 1935 642 1994 iob,
654 1935 679 1982 et
703 1936 886 1996 Ecclesiam,et
896 1950 965 1984 suam
976 1937 999 1983 ei
1006 1938 1116 1996 gratiam
1127 1939 1238 1987 coniere-

150 2004 250 2049 sanctns
262 2003 349 2050 David.
362 2003 407 2049 lile
418 2004 543 2063 superior,
555 2003 677 2063 directus,
704 2000 834 2064 iat‚sicut
849 2006 901 2065 ipsa
919 2005 1072 2053 sacrosancta
1088 2007 1204 2053 Ecclesia
1216 2009 1238 2055 in

150 2069 679 2131 vehemens,acer‚etquasigravibnsexas·
704 2073 811 2121 canticis
831 2075 979 2134 protestatur
996 2074 1106 2120 dicerni
1125 2074 1240 2133 ,adjurari

150 2142 251 2200 paratus
274 2140 398 2189 doloribus
421 2141 513 2200 majore
534 2143 677 2189 cathamo:
704 2156 759 2199 vos,
776 2144 830 2200 titio
848 2144 1009 2199 Hierusalem,
1024 2143 1051 2188 iu
1069 2143 1240 2192 virtutibuset

150 2210 193 2258 hie
212 2211 330 2271 blandus,
341 2211 465 2271 placidus,
479 2213 552 2272 atque
565 2225 680 2260 mansue·
704 2211 878 2270 tortitudinibus
885 2213 946 2270 apri,
954 2224 982 2258 ue
990 2213 1165 2260 suscitaveritis
1173 2215 1195 2259 et
1202 2227 1240 2260 aa·

150 2282 204 2338 tus,
214 2280 425 2340 mitiore-affectu3
437 2282 531 2329 uivere
539 2281 679 2340 quemimi·
704 2281 828 2328 citaverint
839 2281 976 2336 caninam,
988 2292 1112 2338 usquequo
1132 2281 1239 2329 volueri.

149 2348 252 2395 tandum
265 2349 312 2395 sibi
328 2349 469 2410 pmposuit,
484 2349 552 2396 cervi
568 2349 679 2396 imitare-
703 2347 768 2394 Petit
786 2359 843 2406 ergo
860 2347 889 2393 in
899 2346 972 2395 odore
983 2348 1034 2406 agri
1044 2378 1055 2405 ,.
1066 2359 1150 2405 quern
1160 2350 1241 2396 olebat

150 2417 395 2464 muratlectum.iiee
404 2419 429 2464 te
438 2417 545 2474 moveat,
554 2417 678 2464 sitantum
703 2416 801 2463 sanctus
812 2415 895 2474 Jacob,
907 2416 995 2474 idest,
1007 2416 1131 2476 iliande,
1144 2418 1190 2464 illa
1200 2419 1241 2465 de-

150 2486 296 2546 prophetam
322 2485 381 2534 ferae
404 2485 567 2534 similitudine
592 2485 679 2532 videar
704 2485 1241 2544 votioneexcitarisponsumsnumaiiliabus

150 2553 305 2614 praedicare,
325 2566 381 2600 cum
402 2554 493 2614 legeris
510 2552 542 2599 ad
559 2555 679 2612 apostolos
703 2554 870 2612 Hierusalem,
883 2556 910 2601 ut
921 2553 1208 2616 festinetadsponsam,
1219 2558 1241 2604 et

151 2623 245 2671 dictum
257 2637 263 2668 :
275 2625 354 2671 Estote
365 2626 436 2671 astuti
451 2624 510 2670 sicut
518 2624 645 2682 serpentes,
657 2625 679 2669 et
704 2623 808 2670 excitari
817 2623 940 2681 ejusinse
951 2624 1097 2685 caritatem,
1110 2628 1155 2674 aut
1168 2627 1240 2673 etiam

148 2692 272 2749 prurientes
280 2693 337 2738 sicut
348 2692 468 2738 columbae.
703 2692 783 2750 ipsum
792 2691 905 2750 excitari,
913 2692 972 2750 quia
981 2692 1070 2739 caritas
1079 2706 1192 2752 sponsus
1199 2695 1241 2741 cst.

182 2757 206 2813 2.
216 2758 264 2804 Sed
274 2759 356 2805 nmen
367 2759 479 2818 quamvis
494 2756 631 2803 istiusmodi
646 2757 679 2803 si·
703 2762 933 2809 Deusenim-caritas
944 2763 985 2817 est,
997 2760 1061 2807 sicut
1070 2762 1141 2809 dixit
1150 2762 1242 2809 lohan-

151 2826 304 2874 militudines
313 2827 362 2887 piis
373 2826 530 2875 adstruantur
541 2827 678 2887 exemplis,
703 2842 757 2876 nes.
771 2830 820 2876 Sed
837 2831 879 2876 ille
890 2842 938 2876 non
954 2831 992 2876 est
1002 2843 1091 2888 passus
1103 2844 1131 2877 se
1143 2831 1178 2877 ab
1190 2832 1242 2879 aliis

150 2897 231 2956 sitque
243 2897 361 2945 innocens
371 2899 397 2945 et
406 2897 473 2944 mitis
488 2898 575 2944 natura
592 2910 679 2944 cervo-
704 2900 822 2956 excitari3
831 2899 872 2958 qui
884 2899 969 2957 sponte
979 2900 1150 2958 properabat,
1161 2913 1242 2960 egres-

149 2979 217 3025 rum,
226 2966 297 3014 illum
306 2967 443 3016 cerrnmad
452 2967 614 3015 imitationem
622 2968 679 3014 Pro·
703 2981 744 3027 sps
759 2968 790 3015 de
808 2968 914 3015 thalamo
926 2968 1068 3015 exsultabat
1088 2970 1118 3015 ut
1130 2970 1205 3028 gigas
1215 2967 1242 3015 ad

50 3044 55 3052 ’
149 3036 390 3096 phetaepropositum
401 3035 678 3094 lroclocoarlritromde
704 3038 849 3084 sumendam
860 3037 935 3084 riam.
944 3037 1012 3083 Vidit
1023 3049 1084 3083 eum
1096 3039 1242 3097 sponsa,et

149 3117 199 3163 quo
217 3105 330 3152 Salomon
343 3106 453 3166 paternae
469 3104 560 3151 mentis
570 3104 679 3151 adsertor
703 3105 1026 3163 vocemvenientisaudivit,
1035 3106 1179 3166 subitoque
1189 3119 1242 3154 con·

149 3171 177 3217 in
188 3173 325 3219 hovmhiis
335 3173 399 3220 dixit
410 3186 417 3218 z
429 3175 514 3220 Cocus
525 3175 648 3229 cinicino,
656 3174 678 3220 et
703 3188 774 3222 versa
788 3175 822 3222 aii
834 3189 840 3220 ι
852 3177 911 3222 Eece
923 3175 1060 3221 lundrensi
1071 3176 1167 3223 sudem
1178 3188 1242 3235 super

78 3271 82 3284 ,
149 3241 226 3302 pullus
233 3243 365 3301 pretiorum
373 3241 533 3300 confabuletur
541 3241 591 3286 tibi.
600 3242 678 3287 verus
703 3246 807 3301 montes,
821 3244 953 3291 transiliens
963 3256 1031 3301 super
1041 3243 1124 3301 colice·
1138 3244 1242 3301 maiores

137 3309 217 3358 ‚enim
229 3308 274 3356 Dei
285 3308 362 3355 Filius
373 3308 401 3354 in
417 3309 550 3368 semetipso
565 3309 678 3355 naturam
703 3311 770 3356 enim
777 3311 841 3371 salit,
850 3311 957 3357 minores
965 3309 1084 3369 transilit,
1093 3323 1128 3357 ne
1137 3313 1190 3371 piae
1198 3311 1242 3358 ies·

149 3389 224 3439 qnam
245 3375 413 3424 animantibus
432 3375 487 3436 ipse
502 3376 615 3434 donauit,
632 3387 678 3422 ex·
703 3380 829 3428 tinctionis
838 3379 1012 3440 impedimenta
1019 3380 1147 3439 patiatur.
1159 3382 1242 3429 Simili

148 3448 252 3511 pressit,
263 3447 341 3508 quiin
352 3448 418 3494 hunc
426 3446 545 3493 mundum
554 3447 677 3506 nmquam
703 3452 748 3506 est,
759 3449 853 3508 inquit,
869 3449 1019 3496 comobnaus
1029 3461 1097 3495 meus
1112 3451 1241 3510 capreola,

151 3531 238 3566 cervus
255 3518 357 3565 advenit
373 3530 379 3564 ε
395 3517 421 3564 et
439 3529 496 3564 cum
511 3517 550 3563 his
567 3529 593 3562 se
610 3528 679 3563 mora
703 3518 1241 3576 outlinnnloceraoramsupcrmontesssettei·

151 3586 310 3646 simplicitate
326 3586 458 3646 iungebat,
470 3585 583 3644 aquibus
595 3585 618 3631 ci
634 3597 679 3644 pa·
703 3587 782 3633 Bonus
798 3598 902 3643 cervus,
915 3585 984 3643 cujus
998 3597 1069 3631 mons
1092 3589 1137 3634 est
1160 3587 1242 3634 domus

150 3655 268 3701 rebantur
283 3655 388 3702 insIdire.
405 3655 493 3702 Fertur
509 3654 576 3701 enim
592 3654 679 3713 hujus-
703 3657 760 3714 Dei,
770 3656 953 3714 inquamtanta
964 3654 1094 3701 celeritate
1106 3655 1240 3712 currebat,
1277 3684 1279 3699 ,

138 3724 217 3769 modi
226 3737 354 3771 cervorum
362 3737 415 3772 esse
424 3724 578 3782 simplicitas,
586 3724 613 3769 ut
621 3735 678 3769 cum
704 3726 731 3772 ut
740 3737 833 3784 sponsae
842 3725 898 3772 vota
911 3726 936 3772 et
944 3723 1241 3782 desideriapraeveniret.

151 3804 178 3840 sc
184 3792 302 3849 exagitari
311 3793 432 3851 viderint,
441 3793 481 3840 his
489 3805 543 3840 sese
552 3792 681 3851 equitibus
703 3795 815 3853 Denique
825 3806 898 3852 quem
909 3794 939 3839 de
949 3793 1081 3851 longinquo
1091 3795 1241 3841 venientem

150 3857 297 3917 adnectant,
307 3860 349 3918 qui
358 3861 494 3907 ministerio
503 3859 594 3908 fraudis
602 3873 678 3920 appo·
704 3863 812 3920 viderat,
823 3861 925 3919 repente
942 3860 989 3906 sibi
1006 3859 1093 3906 adesse
1108 3861 1241 3922 cognovit,

151 3931 208 3990 siti,
226 3928 289 3989 iuga
300 3930 383 3989 specie
394 3942 421 3976 ac
432 3930 588 3978 simulatione
598 3931 679 3978 socie·
704 3931 768 3977 unde
780 3933 805 3978 ct
817 3930 852 3976 ait
862 3943 869 3973 ι
882 3931 939 3976 Ecce
950 3929 987 3975 iu'c
993 3930 1045 3988 post
1054 3933 1182 3988 parietem
1192 3946 1243 3980 aas

151 4000 209 4048 tatis
219 3998 331 4048 inductos
341 3997 372 4044 ad
382 3998 444 4045 retia
454 4011 533 4057 usque
545 3998 678 4046 deducant.
704 4002 781 4056 trani,
790 3998 931 4058 prospiciens
942 4010 984 4055 per
994 3997 1131 4056 fenestras,
1142 4002 1244 4048 emimus

151 4071 188 4116 lta
199 4082 255 4130 ergo
265 4067 385 4116 Dominus
394 4067 519 4126 tamquam
526 4068 625 4125 ignarus
633 4079 680 4127 pe·
701 4081 744 4128 per
752 4069 820 4115 retia.
831 4067 954 4126 Respondit
962 4065 1123 4115 consobrinus
1135 4071 1245 4128 anemii

151 4139 224 4190 steni
236 4137 309 4202 atque
317 4135 483 4201 improuidus,
494 4134 585 4186 iudeis
594 4135 678 4184 dolum
704 4137 763 4185 dixit
771 4136 845 4185 milii.-
853 4137 976 4195 daturae,
985 4135 1038 4183 veui
1044 4139 1245 4198 proximanus,
