2752 4806
465 392 712 439 tiaxnnmnnon
734 388 838 438 LIBER
857 394 900 438 Vl.
1196 390 1226 438 bb

145 472 258 523 conmuni
268 473 332 523 illud
338 474 467 537 pretereo,
474 475 626 535 qnodmulto
634 473 672 523 est
699 474 783 524 susrls
792 476 818 523 et
828 475 912 536 gratu
923 472 1042 534 utileque
1051 472 1162 522 belluina
1171 485 1226 520 ras·

146 541 314 602 praestantium
338 542 453 603 quoniam
471 543 552 602 iustus
569 543 614 605 qni
632 543 673 591 bic
699 543 758 594 titas
769 543 866 592 horrori
884 543 931 603 sit,
941 553 988 590 nec
1005 541 1129 601 gracilitas
1142 543 1228 592 munis

147 610 258 669 eguerit,
268 610 320 659 illic
330 611 465 660 abundabit
475 624 483 657 r
495 611 521 659 et
531 611 575 672 qul
585 611 627 658 lrlc
636 610 674 658 la·
699 609 847 662 indubitati.

145 675 233 725 borern
249 679 406 740 toleraverit,
418 679 471 727 illic
481 679 673 728 consolationem
729 679 808 727 some
816 678 925 739 primum
936 676 1045 725 omnium
1056 687 1228 737 cognoscamus

145 741 248 795 babebit
258 747 314 807 :qui
321 747 403 796 cutem
415 747 457 795 liic
465 747 590 808 receperit
600 747 673 806 bona,
700 747 801 796 bomani
819 746 928 808 eorporis
944 745 1065 794 fabricam
1079 743 1156 793 instar
1173 759 1227 795 esse

145 808 198 860 illic
208 816 348 864 mercedem
357 828 445 865 eorum
454 828 554 878 sperare
568 827 620 863 non
629 827 674 875 po-
699 813 1227 878 mundi-Siquidemutcoelumeminetaerl‚

144 878 212 931 terit.
223 885 356 946 Paupertas
366 886 436 935 onim
445 885 586 934 mercedem
601 896 673 932 suam
699 883 1229 948 terris‚mari,quaerelutquaedammernbra

144 954 269 1012 reservat,
287 963 378 1002 census
388 954 505 1001 absumit.
699 955 757 1002 suut
766 954 853 1002 muudi
863 967 871 1001 a
883 952 919 1001 ita
931 954 1009 1001 etiam
1019 951 1095 1011 caput
1104 962 1179 1011 supra
1188 964 1230 1000 re·

174 1013 674 1084 osmondus-ergoobimupernoenoc
699 1021 781 1082 liquos
796 1023 864 1070 ortus
880 1020 960 1089 nostri
978 1021 1087 1081 corporis
1104 1021 1230 1068 ceruimus

144 1084 296 1149 dives3quia
306 1093 333 1153 et
348 1092 376 1139 in
385 1092 532 1152 paupertate
543 1093 571 1138 et
580 1090 676 1137 divitiis
701 1089 1109 1151 eminere,praestantissimumque
1118 1100 1231 1137 esseonn

143 1155 675 1219 tentamentasuntldeoqueSapienadieit:
702 1158 785 1218 nium,
796 1159 913 1221 tanqum
920 1159 987 1207 inter
996 1158 1120 1207 elementa
1128 1158 1228 1218 omium,

142 1225 244 1277 llior'tior
261 1232 284 1276 el
298 1226 675 1289 paupertatemncdrderismibi.
701 1227 819 1288 tanquam
839 1239 921 1276 arcem
947 1226 1014 1274 iuter
1040 1226 1137 1287 reliqua
1159 1226 1229 1274 urbis

143 1294 175 1342 Et
184 1309 233 1359 qua
242 1295 340 1344 ratione
349 1296 453 1356 petierit
466 1296 513 1344 hoc
524 1294 598 1355 dicit3
616 1295 676 1345 satis
701 1296 801 1344 moenis.
817 1296 846 1344 ln
858 1308 914 1343 arce
924 1296 970 1343 bac
979 1296 1088 1354 reqalem
1097 1294 1228 1355 quamdam

143 1365 186 1411 cst
195 1364 263 1412 enim
273 1365 370 1413 homini
381 1365 486 1424 babere,
495 1364 561 1426 quod
570 1364 619 1412 sibi
626 1363 676 1412 sui·
700 1364 811 1413 babitare
822 1365 968 1426 sapientiam
978 1363 1112 1413 secundum
1122 1364 1228 1426 propbe-

145 1426 377 1501 licithiadiritiae
387 1433 674 1493 utepulisventrem,ila
699 1433 776 1481 ticum
793 1434 889 1483 dictum
907 1434 988 1494 :Quia
1002 1435 1064 1482 oculi
1081 1437 1228 1495 rapientium

145 1501 257 1549 animum
267 1502 335 1550 curis
350 1500 607 1562 sollicitudinibusque
623 1500 674 1549 dis-
699 1504 918 1564 combejuerbanc
929 1514 983 1551 esse
993 1502 1089 1551 eaeteris
1099 1502 1228 1562 tutiorem,

143 1569 261 1618 tendunt.
280 1570 386 1631 ideoque
403 1570 468 1630 petit
488 1570 606 1618 constitui
625 1571 674 1618 sibi
700 1571 726 1619 et
746 1584 779 1620 ex
795 1572 840 1620 illa
857 1573 971 1620 omuibus
986 1570 1104 1619 membris
1118 1572 1229 1633 vigorem

144 1649 201 1698 quas
210 1651 272 1700 opus
281 1638 373 1688 suntet
382 1638 674 1699 sufficientiarllcrrple-
699 1640 929 1701 providentiamque
951 1639 1053 1687 deterri.
1074 1638 1140 1698 Quid
1159 1641 1229 1688 enirn

143 1707 674 1770 ips,inquit,mendoeficm‚etdiccm:Qoir
699 1709 775 1756 robur
783 1711 810 1758 et
819 1710 935 1758 validitas
944 1709 1093 1756 lacertorum
1103 1707 1229 1769 proficiat,

144 1788 182 1824 mc
196 1779 257 1826 sidet
265 1776 276 1824 t
285 1777 335 1826 Aut
344 1779 421 1837 [actm
428 1790 518 1838 pauper
527 1777 619 1836 scortum
636 1778 674 1837 sa·
699 1779 759 1838 quid
768 1779 886 1828 velocitas
895 1778 1000 1839 pedum3
1008 1777 1055 1824 nisi
1067 1777 1230 1837 capitisvelut

144 1847 221 1904 riom,
228 1845 675 1905 etioremnomincliornini.i'uqienda
699 1847 820 1907 principis
832 1847 871 1896 sui
881 1847 1018 1907 imperialis
1027 1847 1139 1906 quedam
1149 1847 1231 1896 admi·

146 1914 223 1975 lpitur
248 1914 274 1962 et
302 1914 413 1962 cavenda
435 1913 493 1961 sunt
520 1913 675 1962 tentamenta
700 1916 824 1964 niculetur
843 1914 967 1975 poteram
982 1917 1019 1962 lix
1034 1916 1081 1963 lroc
1095 1917 1163 1964 eninr
1186 1919 1230 1965 aut

144 1982 246 2042 mundi3
254 1994 286 2030 ne
294 1994 390 2043 pauper
395 1981 524 2042 desperet,
532 1993 564 2028 ne
573 1983 676 2042 opulens
702 1983 871 2031 destituuntur
884 1983 1013 2041 universa,
1025 1985 1068 2031 aut
1081 1984 1164 2032 omnia
1180 1985 1230 2032 lul-

145 2050 287 2100 insolescat.
305 2051 430 2111 Scriptum
450 2049 489 2097 cst
507 2048 575 2095 enim
590 2061 598 2096 a
615 2051 676 2097 Cum
702 2050 812 2097 ciuntur.
823 2050 889 2108 Quid
898 2051 953 2109 agat
962 2050 1091 2108 fortitudo,
1100 2051 1150 2098 nisi
1159 2052 1231 2101 oculo

146 2114 274 2181 expuleris
284 2120 386 2180 gentes,
400 2119 426 2166 et
436 2117 542 2178 coeperis
551 2116 590 2165 uti
602 2118 676 2166 terris
702 2120 765 2167 duce
775 2119 861 2166 ulatur
870 2119 902 2166 ad
912 2117 1039 2178 praelium?
1047 2118 1113 2176 Quid
1126 2118 1198 2179 iuga,
1208 2121 1231 2168 si

145 2199 248 2248 eorum,
257 2200 291 2237 ne
302 2188 369 2236 dicas
379 2199 387 2233 t
396 2188 480 2235 Virtus
488 2197 544 2234 mea
554 2186 581 2234 et
588 2196 676 2236 manus
702 2188 766 2237 desit
775 2187 890 2237 obtures
899 2188 987 2236 carcer
998 2187 1036 2235 est
1046 2189 1125 2236 totum
1143 2200 1232 2248 corpus

145 2258 280 2306 meahare
295 2256 359 2304 milri
376 2257 553 2318 possessionem
569 2258 675 2315 paravit.
701 2258 831 2305 tenebroso
850 2258 981 2304 inhorrens
998 2256 1048 2304 situ
1061 2269 1069 2315 ;
1082 2256 1131 2303 nisi
1142 2257 1232 2304 ‘oculo-

108 2362 111 2367 .
146 2325 188 2374 Sic
206 2329 244 2374 est
260 2326 372 2387 quiopes
382 2337 437 2372 suas
451 2325 542 2372 merito
559 2325 677 2374 adscribit
701 2338 757 2373 rum
775 2326 931 2373 illuminetur
948 2324 1076 2383 adspectu.
1087 2322 1158 2381 Quod
1174 2335 1232 2383 erqo

146 2407 200 2442 suo.
215 2396 246 2442 Et
255 2395 313 2443 ideo
330 2394 400 2454 quasi
414 2393 533 2453 probatus
549 2394 677 2452 proprium
703 2394 776 2440 solet
793 2394 852 2440 luna
867 2393 895 2439 in
905 2394 983 2451 coelo,
997 2391 1043 2438 boc
1055 2392 1112 2439 sunt
1128 2392 1195 2439 oculi
1205 2393 1232 2440 iu

145 2475 196 2512 non
204 2464 314 2524 agnoscit
323 2473 431 2510 errorem
442 2473 450 2506 a
461 2459 505 2507 sed
514 2460 586 2518 longo
602 2460 679 2508 trabit
703 2461 892 2510 homine.Solet
902 2463 961 2508 luna
969 2460 1017 2508 duo
1027 2460 1112 2507 mundi
1121 2460 1231 2509 lumina:

145 2530 424 2591 lunepeccatumdlam
435 2527 456 2575 si
467 2525 628 2587 credatquod
638 2530 679 2575 aed
704 2529 770 2576 oculi
788 2529 872 2576 autem
889 2528 1001 2590 quaedam
1019 2529 1046 2576 in
1060 2541 1134 2578 carne
1152 2528 1232 2577 sidera

145 2599 228 2648 cessio
237 2597 354 2657 pecuniae
364 2598 407 2644 aut
417 2594 512 2644 lortuiti
524 2595 679 2646 eventusaut
704 2598 800 2656 fulgent
814 2599 934 2658 desuper,
951 2599 978 2646 et
992 2597 1110 2646 interiora
1120 2600 1186 2646 claro
1201 2599 1232 2646 il-

144 2667 335 2727 turpisastutiae
346 2665 392 2724 sit,
401 2677 452 2713 uon
462 2662 539 2711 habel
549 2665 630 2713 locum
640 2666 679 2714 in·
704 2668 809 2718 lustrant
823 2668 934 2726 lumine,
948 2679 996 2715 uec
1006 2667 1138 2727 patiuntur
1152 2668 1233 2715 noctis

145 2736 255 2784 solentia
269 2735 297 2782 in
315 2734 406 2796 quibus
422 2733 466 2781 aut
481 2732 551 2779 nulla
567 2734 637 2792 lausq
652 2735 679 2782 et
704 2737 850 2798 quibusdam
859 2749 904 2784 nos
912 2735 1023 2784 tenebris
1033 2735 1234 2795 implicarispe-

145 2805 230 2853 inanis
238 2804 318 2864 labor,
327 2805 369 2852 aut
376 2803 500 2864 cupiditas
511 2803 680 2852 inverecunda
706 2805 828 2853 culatores
845 2804 946 2863 quidam
960 2804 1039 2850 nostri
1056 2803 1097 2850 dic
1115 2815 1144 2850 ac
1160 2804 1234 2852 nocte

147 2875 181 2925 sit
191 2873 292 2922 modum
301 2873 415 2923 nesciens
421 2883 515 2932 ponere
524 2872 654 2934 voluptati.
707 2875 907 2923 excubantium
918 2885 951 2920 ex
961 2880 1048 2931 sopore
1061 2872 1180 2919 membris
1189 2885 1235 2920 ce·

375 2985 449 2996 ,....
705 2943 766 2991 teris
783 2941 856 2990 citius
874 2940 1028 2997 excitantur,
1053 2941 1080 2987 et
1103 2940 1235 2999 vigilantes

321 3056 446 3110 eno
674 3009 1272 3138 -irriseris?issulduno‚

151 3164 182 3203 be
191 3163 285 3211 corporis
292 3161 384 3199 humani
393 3161 520 3209 praestantia,
531 3160 600 3208 deque
608 3161 681 3210 sinqu-
705 3149 817 3198 videndi.
828 3150 912 3207 Neque
929 3158 989 3194 velo
1003 3157 1160 3206 pl'aepl'opel'e
1169 3146 1235 3206 quis·

127 3232 130 3236 ·
172 3217 248 3280 lorum
260 3216 310 3280 ¹eiu-¹
330 3215 484 3278 membrorum
500 3215 681 3264 conformatione,
706 3213 1235 3279 quambuodescendissemecredai,quod

174 3268 468 3322 ffi⁸P⁰⁰¹¹⁰¹¹⁶⁸¹q¹¹⁰⁰ffi⁰¹¹²
683 3336 684 3339 ,
706 3287 794 3335 relicto
808 3284 903 3333 vertice
921 3283 1006 3330 oculos
1019 3281 1167 3341 praedicem,
1179 3293 1235 3327 cum

150 3380 153 3385 ·
182 3360 223 3410 dl.
235 3361 285 3408 San
303 3360 354 3419 iam
373 3360 453 3409 etiam·
465 3359 495 3407 de
506 3358 561 3419 ipso
576 3358 682 3406 bominis
707 3357 818 3403 alienum
828 3364 878 3399 uon
889 3351 922 3398 sit
932 3362 1054 3398 summam
1063 3361 1118 3397 reru
1128 3349 1156 3395 in
1164 3351 1236 3409 parte

151 3442 253 3491 corpore
264 3429 347 3489 aliqua
356 3428 463 3476 dicenda
472 3426 683 3487 sunt‚quodprac-
707 3423 818 3470 laudare.
832 3419 920 3467 Oculos
931 3419 999 3465 enim
1017 3418 1114 3464 certum
1130 3415 1236 3465 estesse

150 3498 259 3549 stantius
276 3497 373 3546 raeteris
384 3496 473 3544 decore
492 3495 519 3542 et
531 3494 609 3553 gratia
628 3505 682 3541 esse
708 3490 796 3550 capitis
812 3488 958 3548 portionem.
970 3485 1048 3543 caput
1061 3484 1145 3542 itaque
1161 3484 1236 3532 oculis

150 3567 208 3628 quis
216 3565 386 3614 abnuatiNam
398 3564 445 3613 etsi
456 3575 504 3610 una
513 3565 586 3621 atque
597 3560 683 3608 eadem
709 3557 822 3618 explorat
831 3554 929 3613 omnia,
945 3553 1046 3600 auribus
1056 3551 1152 3599 occulta
1161 3550 1236 3599 rima·

151 3634 264 3683 omnium
270 3634 425 3681 terrenorum
433 3641 564 3690 corporum
571 3627 685 3675 videatur
708 3628 764 3687 tur,
780 3623 906 3684 cognoscit
922 3621 1078 3681 abscondita,
1093 3620 1163 3670 audit
1176 3622 1236 3683 quid

151 3714 208 3751 esse
217 3701 364 3759 substantia,
375 3699 502 3748 firmitudo
514 3699 540 3746 et
549 3696 685 3759 proceritas
709 3694 765 3745 aliis
778 3693 865 3753 agatur
874 3692 902 3739 in
913 3692 995 3740 terris.

152 3769 300 3833 qmbusdam
310 3769 425 3828 majorin
436 3768 543 3818 bestiis:
559 3766 685 3814 tornata·
739 3763 779 3812 oo.
791 3764 847 3826 lpse
864 3761 1046 3811 antemvertex
1059 3760 1147 3823 capitis
1163 3773 1237 3821 quam

152 3848 213 3886 areu
232 3838 335 3885 humani
356 3837 465 3898 corporis
484 3837 523 3885 est
541 3834 683 3895 venustior,
709 3833 792 3883 suavis
808 3832 835 3880 ei
847 3832 944 3892 pratus,
959 3830 1236 3892 quamspeciosacaesa·

152 3905 686 3965 statuserectusetcelsus3utnequeenor·
709 3903 773 3964 ries,
781 3913 855 3964 quam
865 3901 1003 3950 reverenda
1012 3900 1039 3946 in
1047 3898 1156 3959 senibus,
1164 3905 1236 3954 quam

154 3974 481 4035 nisproceritassitneque
489 3974 547 4023 vilis
556 3976 581 4023 et
589 3972 685 4033 abjecta
709 3970 852 4023 ueneranda
864 3969 892 4017 in
900 3967 1089 4023 Sacerdotibus,
1103 3974 1177 4023 quam
1188 3959 1236 4036 ter-

154 4043 317 4106 pauxillitas-r
328 4044 381 4093 tum
389 4043 443 4104 ipsa
452 4041 570 4091 habitudo
578 4041 685 4102 corporis
709 4040 790 4089 ribllis
803 4040 829 4087 in
842 4038 1017 4093 bellatoribus,
1025 4045 1099 4095 quarn
1114 4030 1201 4077 decora
1212 4037 1235 4072 m
