2752 4806
383 389 385 392 ’
483 389 894 444 nnxnsunnonnlsrnr.
1009 386 1011 390 '
1203 368 1276 443 is'

146 471 679 542 priusvesperum,posteamaneScriptura
704 481 840 527 unusilanr
847 479 962 541 plerique
973 479 1048 527 etiam
1055 478 1233 528 hebdomadam

149 549 339 608 memoraverit,
355 561 388 596 ne
403 548 468 596 torte
483 549 581 596 noctem
598 549 679 608 prius-
702 561 776 595 unarn
792 562 871 596 unurn
888 548 956 595 diern
973 548 1073 608 dicunt3
1088 548 1154 608 quod
1164 548 1191 595 in
1206 555 1232 596 se

149 630 224 676 quarn
246 618 311 665 diem
330 617 468 678 significare
489 618 613 666 videatur.
629 619 678 664 Nec
702 621 771 677 quasi
786 620 812 667 in
827 633 905 667 unnrn
922 619 1009 667 redeat
1024 621 1105 680 diem,
1121 622 1148 668 et
1162 620 1233 680 quasi

150 686 285 735 advertunt
291 687 595 747 primoquodpraenriserit
601 686 677 746 diem,
702 689 794 749 septies
808 690 837 738 in
853 702 879 739 se
893 689 1015 737 recurrat.
1026 690 1069 736 Est
1084 690 1168 736 aulem
1184 689 1234 736 cir·

148 753 269 802 dicendo:
280 757 480 805 Eteocoos'tDeus
489 757 645 813 incendisse,
657 758 679 802 ct
702 759 783 806 cuitus
793 759 870 819 figura
883 759 937 806 brec
953 771 968 805 a
983 770 1010 804 se
1026 757 1153 817 incipere,
1165 759 1191 804 et
1205 759 1233 806 in
1326 758 1330 766 '

150 823 259 872 tenebras
269 826 360 872 vocavit
377 828 467 872 noctem
483 839 491 872 :
508 823 598 873 deinde
612 825 677 884 quod
701 839 727 874 se
738 828 841 876 reverti.
850 827 920 875 Unde
932 827 959 875 et
971 827 1090 873 saeculum
1104 838 1183 872 unum
1194 827 1234 874 in-

146 904 236 952 resper
246 893 303 940 linis
313 893 364 940 diei
375 893 421 952 sit,
433 893 459 941 et
469 906 541 940 mane
550 893 607 941 finis
618 906 678 941 noc·
701 896 798 943 terdum
809 897 935 955 Scriptura
950 894 1022 942 dicit.
1037 895 1099 940 llam
1119 893 1168 940 etsi
1178 894 1235 942 aliis

145 959 258 1022 tisdrpo
272 962 301 1010 ut
316 963 504 1023 praerogativam
521 963 548 1009 et
558 960 678 1022 primatus
702 965 761 1012 locis
778 967 868 1012 saecula
893 964 1018 1024 appellat,
1036 962 1139 1010 videtur
1156 963 1235 1022 magis

143 1030 286 1095 nativitatis
294 1031 346 1089 diei
357 1031 444 1091 daret,
455 1031 525 1090 prius
539 1031 677 1078 linem'diei
701 1033 859 1082 diversitates
881 1033 993 1081 statuum
1012 1033 1173 1092 publicorum
1192 1033 1235 1078 vel

145 1096 311 1158 significarit,
328 1099 385 1160 post
403 1113 477 1159 quam
492 1101 608 1146 secutura
627 1112 679 1146 nox
703 1101 857 1160 negotiorum
871 1100 1025 1160 significare,
1041 1110 1117 1159 quam
1133 1100 1235 1146 saeculo

145 1167 340 1229 esset‚·deinde
349 1169 434 1228 postea
451 1163 528 1215 linem
545 1167 680 1214 noctisad-
704 1183 757 1216 rum
787 1170 956 1217 successiones
984 1170 1080 1228 aliquas
1111 1169 1232 1226 delinirc3

143 1233 237 1292 iunxit.
256 1239 290 1284 Eo
310 1250 389 1296 usque
408 1237 491 1283 autem
509 1237 608 1282 noctem
627 1236 678 1283 diei
695 1240 763 1301 Quia
774 1240 819 1286 dics
830 1240 1043 1298 Domini‘osupnns
1055 1240 1078 1285 et
1092 1238 1232 1298 preclarus.

144 1301 273 1364 Scriptura
288 1303 414 1350 anteferre
432 1315 482 1350 non
496 1304 592 1364 potuit,
608 1305 637 1352 ut
653 1305 679 1351 et
702 1307 806 1365 Etnlibi,
819 1309 847 1355 Ut
859 1309 913 1367 quid
924 1307 988 1354 cobis
1000 1320 1102 1367 querere
1112 1309 1233 1354 dicentiu-

145 1369 199 1418 diei
215 1373 243 1419 et
255 1374 335 1420 noctis
349 1374 478 1432 tempora,
497 1372 550 1419 diei
566 1375 677 1432 appella·
700 1376 773 1422 mini?
784 1376 813 1423 Et
823 1377 864 1422 hic
875 1375 984 1423 tenebrae
995 1376 1077 1423 etnon
1088 1376 1141 1421 lux.
1154 1376 1232 1422 iliani-

145 1436 216 1486 tione
228 1441 389 1498 concluserit,
402 1442 519 1501 tanquam
531 1441 676 1500 principalis
700 1443 790 1491 festum
802 1443 839 1492 est
848 1444 916 1492 enim
925 1444 993 1503 quod
1003 1445 1068 1490 male
1081 1442 1186 1491 consciis
1205 1445 1231 1490 et

144 1508 294 1556 auctoritate
318 1510 426 1556 nominis
449 1509 623 1556 vindicaverit.
646 1511 675 1557 Et
699 1512 807 1572 indignis
824 1514 879 1561 dies
892 1505 937 1560 ille
954 1513 1100 1560 tenebrosus
1115 1513 1163 1570 sit,
1181 1525 1231 1572 quo

144 1575 213 1623 hane
221 1578 353 1638 Scripturas
364 1590 417 1625 esse
428 1577 641 1636 consuetudinem,
649 1579 676 1624 ut
699 1580 804 1641 fulgebit
813 1582 954 1630 innocentia
960 1615 969 1640 ,
979 1582 1005 1628 et
1012 1593 1083 1629 mens
1093 1582 1167 1628 noxia
1178 1593 1232 1628 cru·

143 1646 235 1704 potiori
240 1647 433 1708 appellationem
440 1647 553 1707 deputet,
560 1648 676 1709 frequen·
699 1650 813 1699 eiabitur.
826 1653 946 1699 Ceterum
955 1651 1021 1710 quod
1031 1651 1085 1698 sine
1095 1650 1232 1708 interpola·

143 1714 213 1762 tibus
224 1717 345 1776 exemplis
358 1716 498 1775 probamus.
509 1716 637 1777 Siquidem
651 1721 676 1766 et
699 1721 765 1768 tione
776 1723 902 1779 noctium,
915 1722 942 1768 et
952 1721 1107 1767 successione
1118 1719 1233 1766 tenebra·

140 1783 220 1831 -Jacob
238 1784 305 1833 dixit
319 1788 394 1834 :Dies
408 1787 463 1833 vitus
478 1798 550 1843 meae,
560 1789 641 1848 possiti
655 1792 676 1835 ct
699 1801 754 1836 rum
766 1790 819 1836 dies
826 1789 961 1850 perpetuus
970 1787 1014 1836 ille
1022 1787 1232 1836 remunerationis

143 1855 211 1900 molt
222 1856 254 1902 st
267 1855 375 1902 iterum:
388 1857 473 1904 Omnes
483 1856 529 1903 dies
540 1858 593 1904 vite
608 1871 674 1904 mcae.
699 1858 899 1906 aeternaeiuturus
909 1858 950 1917 sit,
962 1856 1227 1917 Scripturanosdocet.

143 1922 261 1970 Etliarid
271 1926 354 1984 posuit
369 1927 443 1973 :Dies
455 1929 675 1988 nonmumnostro-
729 1929 768 1975 58.
791 1929 879 1974 Pulcre
900 1928 984 1973 autern
998 1927 1081 1974 ricem
1096 1926 1230 1984 utramque

142 2004 213 2050 mm,
225 2005 276 2039 non
285 1994 353 2040 dixit
364 1994 389 2041 et
400 1994 493 2041 noctes.
504 1994 575 2041 Unde
587 1995 676 2042 auver-
699 2010 782 2050 unum,
795 1997 907 2045 dicturus
924 1995 1008 2054 diem,
1032 1994 1154 2041 matutino
1172 2006 1230 2041 eum

144 2059 222 2109 timus
237 2074 267 2109 ea
282 2076 338 2122 quse
351 2076 417 2110 nunc
431 2061 457 2108 in
469 2063 552 2122 specie
568 2063 676 2110 historiae
700 2066 748 2114 line
764 2064 900 2126 conclusit,
919 2066 948 2112 ut
966 2065 992 2111 et
1005 2077 1020 2110 a
1035 2065 1093 2110 luce
1112 2062 1231 2109 inchoare

144 2131 292 2189 traduntur,
302 2133 355 2179 rim
366 2133 480 2189 statuisse
491 2133 553 2191 lepis
564 2131 676 2192 inposte·
700 2136 766 2183 diem
786 2135 900 2195 doceret,
921 2134 948 2181 et
965 2133 993 2181 in
1006 2134 1090 2180 lucem
1105 2131 1229 2178 desinere.

143 2201 434 2262 rum.Principinmerqo
444 2201 674 2260 diei,vox1)eiest:
699 2206 750 2251 lton
764 2203 834 2251 enlm
854 2204 891 2251 est
903 2204 1029 2262 integrum
1044 2199 1096 2248 diei
1115 2203 1230 2259 tempus,

144 2272 202 2318 Fiet
219 2272 276 2331 lun,·
294 2274 317 2318 et
334 2271 400 2330 fucta
415 2275 450 2319 est
466 2273 518 2319 lun.
536 2271 604 2318 Finis
623 2271 673 2319 diei
698 2273 781 2320 nisiet
791 2271 871 2320 nectis
883 2271 961 2318 inerit
971 2270 1111 2329 expletum.
1122 2268 1193 2314 Unde
1204 2267 1231 2312 et

144 2351 234 2398 vesper
245 2340 292 2387 est.
303 2341 357 2386 Jarn
368 2353 474 2401 sequens
484 2341 538 2388 dies
548 2353 582 2387 ex
595 2341 675 2388 noctis
698 2354 742 2389 nos
750 2354 849 2401 semper
858 2341 929 2399 quasi
941 2341 967 2385 in
977 2339 1019 2384 die
1027 2339 1131 2383 honeste
1142 2334 1232 2380 ambu-

143 2407 193 2456 line
205 2404 324 2456 succedit.
335 2410 464 2457 Sententia
472 2409 557 2456 autern
566 2410 613 2456 Dei
622 2410 675 2456 eri·
699 2412 794 2467 lemns,
813 2410 839 2455 et
855 2406 1002 2464 abjiciamus
1024 2415 1099 2464 opera
1116 2401 1231 2449 tenebra-

143 2477 220 2537 dcns,
228 2479 287 2538 quia
296 2479 364 2526 diem
375 2480 455 2539 primo
470 2477 570 2524 vocavit
580 2477 675 2536 lucem,
700 2491 764 2524 rurn.
772 2477 874 2524 Noctem
885 2476 953 2522 enim
964 2475 996 2522 nd
1005 2473 1116 2534 quietem
1124 2470 1231 2531 corporis

144 2547 172 2594 et
181 2547 291 2594 seeundo
300 2547 398 2594 vocavit
409 2545 528 2594 tenebras
541 2546 649 2593 noctem.
700 2548 782 2594 dutum
794 2559 849 2609 ¹esse
864 2544 1048 2604 cognoscimus,
1064 2548 1114 2588 non
1130 2541 1160 2588 ad
1174 2553 1231 2586 mu-

174 2613 675 2674 57.Praeclareetiamunumnonprirnum
700 2616 766 2663 neris
782 2614 887 2673 alicujus
904 2614 951 2661 vel'
963 2612 1046 2673 operis
1062 2611 1229 2668 functionem,

143 2682 214 2730 diem
224 2683 304 2742 dixit3
316 2694 373 2729 nam
388 2684 503 2730 secuturo
517 2683 637 2743 secundo,
651 2685 676 2731 et
700 2699 753 2744 quae
770 2697 854 2732 somno
865 2685 891 2732 et
902 2682 1028 2730 oblivione
1043 2679 1228 2729 transcurritur.

142 2751 222 2799 tertio
231 2751 285 2811 die,
294 2752 320 2798 et
328 2753 445 2811 deinceps
455 2751 559 2811 reliquis
568 2751 676 2810 primum
700 2756 750 2801 Non
764 2755 796 2801 sit
811 2755 837 2801 in
848 2753 920 2800 nobis
931 2751 1089 2806 comessatio,
1108 2748 1230 2803 ebrietas,

142 2821 228 2880 potuit
238 2821 321 2868 dicere
331 2834 338 2867 ε
348 2822 374 2868 et
381 2823 428 2868 hoc
437 2821 530 2868 ordinis
537 2820 676 2879 videbatur,
701 2823 797 2881 cubile,
808 2819 974 2880 impudicitia.
983 2820 1036 2864 Non
1047 2818 1174 2863 dicamus:
1184 2815 1231 2861 'le-

132 2890 189 2937 -sed
207 2891 287 2948 legem
304 2890 404 2950 statuit,
420 2891 450 2936 ut
467 2889 555 2948 viginti
573 2889 677 2949 quatuor
702 2891 783 2937 nebrae
793 2891 819 2937 et
829 2888 938 2948 parietes
946 2885 1063 2946 operiunt
1070 2897 1129 2941 nos,
1140 2883 1166 2929 et
1176 2883 1232 2942 quis
1284 2921 1290 2930 ,

144 2957 213 3005 horae
223 2959 318 3007 diurnae
329 2961 403 3019 atque
420 2959 548 3006 nocturnes
559 2957 609 3005 diei
621 2959 676 3005 tan-
702 2959 748 3006 scit
766 2955 786 3006 s'i
805 2956 903 3005 videbit
921 2949 1079 3003 altissimus?
1094 2952 1144 3000 Sed
1158 2950 1231 2998 sitin

144 3023 199 3074 tum
217 3029 319 3075 nomine
340 3028 504 3087 deliniantur,
520 3026 549 3074 ut
568 3026 590 3072 si
606 3026 675 3073 dice·
701 3029 771 3076 nobis
783 3025 939 3083 amorlucis,
959 3025 987 3072 et
1004 3035 1065 3071 cura
1081 3020 1230 3078 honestatis,

144 3099 201 3144 ret:
212 3098 422 3157 vigintiquatuor
435 3096 551 3144 horarum
561 3108 675 3143 mensura
700 3097 728 3145 ut
739 3098 855 3156 tanquam
865 3094 894 3140 in
912 3093 953 3140 die
970 3091 1140 3148 ambulantes,
1156 3100 1230 3167 opera

144 3167 220 3216 unius
228 3168 278 3214 diei
289 3169 387 3227 tempus
395 3167 440 3214 est.
453 3166 522 3213 Sicut
532 3166 677 3213 enimviroe
701 3166 785 3213 nostre
793 3175 875 3211 corarn
884 3162 935 3209 Deo
945 3162 1030 3208 lucere
1042 3158 1180 3218 cupiamus,
1189 3169 1230 3202 cur

145 3248 204 3282 rum
220 3237 347 3296 generatio
358 3236 527 3295 computatur,
538 3235 565 3282 et
581 3234 676 3282 intelli·
702 3235 738 3280 est
748 3234 840 3292 honor,
855 3232 924 3290 laus,
936 3228 1012 3290 gloria
1023 3225 1161 3288 ,potestas‚
1174 3237 1230 3272 cum

145 3305 214 3365 pitnr
221 3306 296 3352 etiarn
303 3305 532 3364 feminarum,quia
542 3303 676 3352 nectuntur
702 3302 800 3349 domino
819 3301 901 3348 nostro
920 3299 980 3346 lesu
998 3296 1110 3353 Christo,
1133 3294 1160 3340 et
1174 3304 1231 3340 eum

145 3375 254 3422 secunda
265 3376 416 3435 potioribus3
427 3374 462 3422 ita
474 3376 549 3422 etiarn
565 3374 618 3421 dies
628 3385 676 3419 nu·
701 3371 795 3430 Spiritu
813 3369 898 3416 sancto
918 3380 932 3414 a
955 3366 1067 3424 saeculis,
1082 3365 1108 3411 et
1123 3373 1189 3408 nunc
1206 3360 1232 3406 et

145 3445 315 3504 merantur,et
323 3445 408 3493 noctes
416 3444 569 3492 aestimantur
577 3443 677 3500 adjunc-
701 3431 1229 3520 semper,etinomniasaeculasaeeulorum.

146 3514 187 3562 tn.
198 3514 269 3562 Sicut
276 3515 354 3578 igitur
361 3513 480 3563 circuitus
490 3524 568 3570 unus,
579 3509 615 3557 ita
623 3511 676 3557 dies
701 3509 787 3555 Arnen.

618 3774 756 3788 ”un—Q-
