2752 4806
169 2809 285 2867 quoniam
296 2808 343 2868 ipsi
355 2808 538 2855 saturabuntur.
550 2807 610 2854 Sunt
623 2807 697 2866 igitur

162 395 209 444 aad
554 387 679 436 saecli
697 385 874 439 lunensii

74 501 76 505 ·
164 481 206 527 tnr
217 490 224 523 e
237 477 277 526 liic
289 475 385 526 dolores
395 472 421 522 et
436 471 628 532 sollicitudines,
639 470 692 519 illic
716 470 823 525 animam
838 481 923 528 suam;
934 465 963 516 ui
978 466 1062 516 anima
1077 478 1155 527 snpra
1165 471 1259 526 corpu⁸

164 544 316 604 laetitia,nbi
325 541 469 603 gratiatbic
477 540 599 600 postremo
609 550 693 596 corpo-
718 541 794 588 educa
812 539 983 590 infirmitatem
1001 537 1086 591 carnis¹
1103 536 1252 594 abscondat,
1276 591 1283 606 Ι

163 612 199 660 ris
209 612 322 671 vincula,
332 622 388 672 qum
397 608 486 656 Paulus
497 608 592 656 solvere
603 607 693 666 gestie·
718 610 783 668 tegat
795 609 903 670 corporis
914 608 945 655 ad
963 606 1154 667 poenitentiam,
1167 605 1194 653 et
1204 604 1253 654 vir·

164 679 220 738 but3
234 679 483 726 utonanibusexutus
495 674 692 735 impedimentis,
717 679 757 725 tus
773 679 866 738 ubique
882 677 971 725 animae
985 676 1128 734 mentisque
1145 675 1252 735 preten-

164 748 269 794 Domiuo
280 744 694 802 iiberadsisteretilocereoeitie-
718 748 768 794 dat.
787 747 860 794 Unde
874 747 902 794 et
922 745 949 793 in
967 744 1150 805 posterioribus
1170 741 1251 795 dicit:

164 815 397 875 batanimallavid,
409 812 693 874 utjamuouperddem,
719 818 845 874 limandum
863 817 890 863 ia
902 817 1028 874 iconcpecle
1049 812 1253 871 efflorationem

164 884 209 932 aed
218 883 282 932 facie
293 884 324 933 ad
335 884 424 932 taciem
436 885 515 931 Deum
526 882 636 941 videret3
647 893 693 931 nec
718 884 860 937 meam.,Ubi
868 883 1001 935 effunditur
1008 881 1099 944 oratio,
1107 879 1145 927 ibi
1154 879 1253 939 peccata

164 952 245 1015 solum
263 952 462 1014 peregrinaretur
480 965 494 1000 a
515 963 631 1010 corpore,
651 950 695 999 sed
718 955 775 1002 sunt
786 954 860 1001 tecta.
869 953 976 1010 Quorum
987 953 1072 998 autem
1081 959 1252 997 memoremus

164 1032 269 1082 corpore
280 1023 433 1072 solveretur.
453 1019 560 1069 Dissolvi
582 1019 649 1068 enim
670 1020 695 1066 et
717 1021 794 1070 dicit?
805 1024 895 1071 Eorum
909 1020 995 1080 utique
1011 1033 1068 1080 quae
1079 1015 1252 1075 desiderabat,

166 1101 222 1136 cum
240 1090 410 1138 christoesse
425 1090 502 1152 multo
517 1088 620 1146 melius3
637 1087 694 1146 quia
718 1091 747 1138 ut
761 1090 861 1138 veniret
881 1090 908 1138 et
925 1089 1058 1149 appareret
1076 1088 1105 1134 in
1121 1086 1254 1144 conspectu

163 1161 235 1219 iusto
246 1161 309 1210 mori
324 1158 367 1211 est
378 1161 482 1208 lncmm.
494 1159 523 1211 Et
538 1157 695 1217 eraudeeut·
719 1158 778 1218 Dei,
791 1159 818 1221 ut
830 1159 883 1219 ejus
899 1158 981 1206 aulam
991 1154 1253 1206 illamvldereteter·

165 1228 223 1276 dem
231 1230 328 1278 lucrum
336 1242 419 1277 carere
427 1229 540 1289 peccato,
549 1227 695 1276 delictorum
719 1236 791 1286 nain,
803 1227 829 1274 in
841 1236 888 1288 qua
899 1226 1051 1286 spatiabatur
1061 1223 1149 1271 animo
1160 1221 1187 1270 et
1196 1233 1256 1282 pre-⁴

166 1297 293 1348 illecebris
303 1312 353 1347 non
364 1299 468 1346 moveri.
478 1298 538 1356 Quis
548 1297 614 1344 enim
626 1310 695 1343 mun-
719 1296 799 1344 sumto
810 1295 982 1343 delectabatur
992 1294 1115 1352 ingressu.

100 1398 103 1401 v
167 1365 695 1427 dusasorde‚quandoneeuninedielvita
749 1363 774 1410 9.
837 1365 903 1411 aiom
921 1360 1170 1423 iaprediominquit,
1186 1359 1254 1408 talo-

167 1433 275 1490 bominis
288 1437 315 1482 in
327 1437 393 1483 terra
404 1436 471 1482 caret
481 1435 627 1482 delictorum
638 1447 696 1481 con·
719 1446 773 1479 cam
801 1432 938 1480 odemoculi
954 1430 1120 1486 odoeirobilie,
1139 1442 1213 1489 merae
1225 1429 1255 1476 ud

166 1501 279 1561 tagionet
289 1504 400 1551 vivendo
409 1515 466 1562 ergo
475 1503 562 1550 damna
571 1503 696 1550 contrabi·
719 1502 814 1548 domam
821 1502 874 1547 Dei.
883 1502 913 1547 lo
920 1512 974 1547 uoce
982 1500 1165 1556 eccultotioau'a,
1175 1502 1254 1547 eloco»

167 1583 222 1620 mna
241 1573 401 1631 innocentiae,
420 1571 499 1619 morte
513 1571 588 1618 finem
607 1572 697 1619 erroris
721 1571 834 1628 sessionis,
841 1571 929 1618 conitus
937 1568 1124 1630 moeoticum
1131 1567 1253 1615 immerito

131 1635 135 1643 '
167 1640 335 1700 adipiscimur.
344 1643 450 1688 Lucrum
459 1652 516 1699 ergo
525 1641 603 1687 morte
613 1642 696 1700 acqui·
721 1638 809 1698 tiebat,
828 1639 946 1698 quoniam
961 1639 1104 1686 versaretur
1122 1637 1155 1686 in*
1166 1638 1253 1696 terris,

167 1711 313 1768 ritur‚'vitae
321 1711 403 1758 autem
413 1722 459 1756 usu
467 1709 592 1767 tamquam
599 1708 696 1755 miseris
720 1705 1259 1764 cuicoelestia.tabernaculadeberentur,ct.

168 1779 321 1826 debitoribus
328 1778 434 1826 usurarii
443 1776 552 1824 nominis
562 1776 593 1823 ad
600 1778 697 1824 reatum
720 1789 796 1836 quem
806 1777 868 1823 aulae
878 1775 990 1836 potentis
999 1774 1156 1834 exspectaret
1166 1773 1255 1821 introi·

168 1847 250 1894 ioenus
265 1848 378 1907 augetur.
396 1848 426 1892 lii
443 1847 508 1892 bene
527 1844 580 1893 sitit
599 1846 696 1906 anima,
720 1847 769 1893 tna.
780 1845 894 1905 Denique
905 1844 973 1892 illam
984 1841 1255 1902 solamonnibusreg·

167 1927 224 1974 quae
232 1914 332 1967 festinat
340 1915 371 1961 ad
378 1913 481 1974 iontem,
489 1926 538 1960 non
549 1925 618 1973 aquae
627 1914 697 1962 istius
721 1915 747 1962 ni
756 1915 793 1963 sui
803 1915 891 1974 opibus
899 1913 1063 1974 preferebat,
1070 1911 1137 1960 amnt
1146 1911 1200 1971 ipse
1207 1913 1255 1960 tes·

168 1983 215 2030 sed·
225 1983 283 2030 vite
298 1984 411 2041 aterne,
422 1983 453 2030 de
463 1995 512 2042 quo
522 1994 595 2042 supra
613 1981 678 2030 dixit
689 1997 696 2029 ι
721 1985 827 2033 tidcatus
838 1984 876 2032 est
894 1983 954 2031 alibi
965 1983 1052 2030 dicens
1063 1996 1071 2029 ι
1086 1984 1168 2031 Unum
1176 1982 1254 2042 petite

169 2054 287 2114 Quoniam
302 2054 365 2113 opud
375 2055 395 2100 lc
405 2055 438 2100 eet
448 2053 500 2111 sone
511 2053 577 2110 vitu,
593 2054 615 2099 ct
624 2053 650 2098 in
660 2054 698 2099 lae-
721 2056 836 2111 Domino,
844 2053 906 2100 bunc
913 2054 1032 2113 requiam
1039 2054 1085 2112 aut
1092 2051 1225 2099 inhabitem
1232 2053 1256 2098 ia

168 2123 232 2168 mine
244 2124 282 2181 luo
293 2121 419 2168 videbimus
434 2121 520 2168 lumea.
537 2120 624 2167 llerito
639 2133 697 2180 ergo
720 2123 789 2168 domo
800 2123 896 2168 Doeniei
907 2133 985 2168 omncs
995 2122 1042 2167 dies
1050 2122 1106 2168 oitoe
1115 2134 1176 2168 oaeoe
1182 2153 1191 2178 ,
1200 2123 1222 2167 el
1231 2124 1255 2168 et

169 2189 249 2236 David
259 2189 404 2250 properabat
410 2189 541 2248 pervenire
547 2190 572 2236 et
579 2201 697 2248 apparere
721 2191 812 2236 videam
821 2190 992 2236 delectationem
999 2190 1108 2236 Domim.
1118 2187 1257 2236 Delectatio

168 2259 226 2304 ante
242 2257 331 2306 taciem
344 2257 413 2317 Dei,
430 2256 501 2315 cujus
515 2257 598 2304 rnltus
613 2259 698 2304 lumen
720 2259 820 2305 Domini
839 2259 865 2305 in
885 2258 992 2306 Ecclesia
1013 2258 1052 2305 est
1063 2271 1070 2303 :
1083 2258 1200 2305 Ecclesia
1220 2259 1254 2305 est

170 2328 221 2386 est;
234 2328 292 2386 quia
303 2338 388 2374 omnes
398 2337 458 2386 quos
465 2325 584 2372 Dominus
594 2327 697 2388 spectat,
722 2327 801 2387 imago
823 2327 960 2375 coelestium
978 2339 986 2385 3
1007 2325 1104 2373 etenim
1127 2327 1253 2386 postquam

130 2422 138 2435 ·
168 2395 303 2450 illuminat.
720 2395 1186 2456 umbrapraeteriit,imngosuccessit.
1199 2396 1254 2442 llna·

115 2482 116 2485 ¹
200 2466 223 2513 7.
235 2468 342 2514 Feencot
355 2467 465 2527 laceram
485 2479 542 2514 mec
559 2465 698 2525 mibipoeee
721 2465 765 2513 bra
784 2465 910 2526 synagoga
928 2465 983 2512 est:
996 2464 1023 2511 in
1039 2465 1213 2522 umbrabant,
1230 2464 1255 2509 in

169 2534 205 2580 dic
215 2547 242 2581 oc
254 2538 318 2582 noete
323 2568 332 2594 ,
341 2537 396 2581 dam
407 2537 491 2582 dicitur
501 2535 561 2581 mibi
576 2536 676 2594 quotidie
688 2549 697 2582 .·
721 2535 853 2594 Evangelio
863 2535 962 2587 veritas.
972 2534 1030 2580 ldeo
1041 2533 1068 2579 in
1078 2533 1211 2592 Evangelii
1219 2534 1254 2579 ln·

172 2601 217 2650 Ubi
232 2606 265 2649 cst
282 2606 345 2650 Deua
362 2602 432 2650 tuoe?
443 2602 482 2648 lbi
501 2603 564 2650 bene
583 2603 697 2661 lacrymae
721 2601 788 2648 mine
799 2601 910 2649 veritatis
918 2601 997 2661 imago
1005 2601 1163 2660 resplendet
1173 2601 1254 2648 flebat

169 2681 246 2728 panes
256 2670 380 2730 sunt,ubi
392 2669 615 2728 esuriturjnstitia.
627 2670 696 2717 Beati
721 2669 797 2728 igitur
820 2669 963 2728 Propheta3
989 2669 1049 2729 quia
1075 2668 1259 2716 differebantur·

169 2739 236 2786 enirn
247 2740 289 2800 qui
300 2740 411 2787 esuriunt
426 2740 452 2785 et
466 2739 554 2786 sitiunt
562 2739 696 2798 iustitiam,
721 2740 795 2799 plena
805 2738 889 2800 gratiae
900 2739 962 2786 bona
973 2740 997 2785 et
1013 2737 1109 2785 referta
1120 2737 1225 2786 letitie.

169 2876 283 2936 lacrymae
294 2891 348 2938 quae
358 2877 511 2936 panessnnt‚
521 2876 698 2924 etconiirmant
880 2910 1015 2967 CAPUT¹
1031 2911 1094 2966 [Π.
1192 2903 1196 2909 “

170 2956 211 2991 cor
222 2945 337 2993 hominis.
349 2945 394 2992 Cui
409 2944 568 3005 disputationi
580 2945 655 2991 etiam
666 2945 698 2991 il·
753 2986 755 2989 ,

170 3014 214 3060 lud
232 3014 429 3061 Ecclesiastieum
449 3013 565 3060 convenit
584 3013 676 3075 dictum
689 3027 696 3060 a
721 3016 768 3054 lion
784 3014 893 3058 mirumsi
906 3014 974 3052 David
984 3014 1051 3062 huius
1064 3015 1119 3055 vilae
1132 3015 1206 3062 mdia.
1219 3014 1253 3054 eui

169 3082 236 3128 Mille
252 3095 338 3140 punem
359 3084 425 3128 tuum
443 3084 497 3128 unte
516 3081 600 3138 facicm
615 3095 696 3142 aquoe3
744 3071 883 3134 consolacione
896 3070 1032 3133 suaminime
1044 3069 1259 3134 eareanmuroaim.

151 3140 230 3208 'quia
242 3148 278 3193 ibi
289 3148 359 3206 panis
370 3148 491 3206 coelestis,
506 3149 550 3194 nbi
566 3161 628 3206 aqua
642 3162 697 3207 gra·
743 3129 896 3215 ῗὲῇὣῗῃζρζ
909 3123 1255 3225 εῗζῗὲἶζίᾞξζξξωζῖὴὲᾙ

169 3216 225 3274 tie3
237 3215 353 3274 quoniam
371 3215 437 3261 reue
449 3214 575 3274 accipiunt
585 3216 697 3263 substan·
743 3241 805 3269 sensu
817 3230 857 3268 noc
868 3202 1049 3277 inlinendum?
1058 3231 1118 3267 nem
1132 3204 1202 3279 ,iare
1216 3231 1254 3267 an·

169 3284 230 3332 tiam
239 3285 322 3343 verbi,
334 3285 360 3332 et
370 3284 480 3344 mysticae
487 3285 588 3331 rationis
596 3286 697 3333 alimen·
743 3285 789 3347 ioco
805 3293 849 3346 3¹0ss
866 3282 1018 3330 caepionem
1032 3282 1137 3328 conponor
1151 3283 1254 3332 eropum

169 3355 242 3413 tum,
265 3353 354 3414 quibus
375 3353 477 3400 flumina
498 3366 566 3414 aquae
586 3354 645 3402 ritae
666 3355 697 3403 de
744 3337 836 3374 dmm?

170 3425 257 3471 ventre
269 3423 392 3470 labuntur.
412 3422 533 3470 Similiter
549 3436 646 3483 quoque
662 3424 697 3471 ibi
752 3423 789 3474 10.
798 3425 916 3484 Damone
924 3422 1171 3482 etinpostenioribus
1178 3423 1252 3471 dicit:

169 3492 240 3552 panis
251 3491 291 3538 hic
303 3493 390 3551 vivus,
400 3492 444 3538 ubi
454 3504 516 3550 aqua
525 3493 696 3553 lacrymarum,
720 3495 772 3540 lieo
780 3506 829 3549 me,
840 3495 895 3552 quio
903 3493 1016 3541 insolatae
1028 3505 1093 3540 ineas
1101 3493 1254 3552 proloopalio

170 3560 276 3608 etdetus
284 3562 321 3608 est
329 3561 491 3622 penitentie.
500 3561 539 3610 Sic
547 3562 613 3609 enim
622 3563 697 3622 scrip·
721 3561 767 3610 ceti
778 3560 816 3608 nt
836 3561 891 3607 ideo
913 3559 1088 3619 interpellabat
1104 3558 1253 3616 Dominum,

170 3631 224 3675 tum
235 3632 272 3676 est
283 3643 290 3675 τ
305 3633 333 3677 io
347 3632 402 3688 lietu
412 3632 520 3678 exierant
526 3629 534 3687 ,
546 3633 568 3678 el
579 3632 604 3676 io
615 3644 698 3679 coneo·
721 3629 777 3690 quia
786 3630 817 3676 ad
828 3629 929 3676 meliora
939 3627 1097 3689 properabat.
1107 3628 1135 3674 ln
1145 3626 1209 3685 ipsis
1220 3627 1252 3673 ta·

170 3696 256 3742 lutione
267 3697 376 3744 revocabo
388 3710 434 3745 coe.
446 3697 515 3743 lleati
526 3709 583 3757 ergo
593 3709 697 3756 quorum
720 3710 779 3745 men
789 3697 989 3745 afflictationibus
997 3707 1081 3742 saecn..
1091 3711 1182 3754 magua
1192 3702 1253 3741 esset

170 3764 285 3823 lacrymae
295 3776 383 3823 panes,
395 3766 438 3824 qui
448 3766 529 3813 ridere
537 3768 695 3826 meruerunt3
721 3765 853 3813 consolatio
861 3764 1030 3824 praesentium,
1038 3775 1095 3822 spes
1104 3762 1252 3810 futurorum.

169 3831 229 3892 quia
239 3831 306 3878 beati
315 3832 357 3890 qui
368 3832 441 3880 iletis.
720 3836 781 3894 Quis
799 3834 866 3882 enim
883 3845 932 3881 non
943 3831 1050 3892 erigeret
1065 3834 1198 3891 animum,
1213 3830 1252 3890 qui

200 3902 224 3950 8.
236 3904 326 3950 Horum
334 3914 437 3958 memor,
446 3901 543 3961 inquit,
553 3903 697 3966 efflcdleoper
720 3904 802 3965 posset
819 3915 919 3962 sperare
934 3902 961 3948 in
976 3902 1137 3951 tabernaculo
1158 3899 1251 3948 coelesli

171 3987 207 4019 oie
225 3974 330 4020 colmam
346 3983 431 4018 moola.
448 3970 549 4018 Sanctus
563 3974 656 4033 colligit
666 3975 696 4020 ab
721 3973 792 4020 beata
803 3973 846 4018 illa
857 3970 905 4018 sibi
920 3970 1041 4019 consortia
1051 3971 1190 4019 reservari.
1207 3968 1252 4016 Sed

172 4040 210 4092 his
220 4052 274 4100 quae
285 4040 342 4089 loris
353 4039 425 4099 sunt,
438 4039 463 4088 et
472 4050 546 4099 supra
557 4052 583 4088 se
595 4041 696 4090 effundit
721 4042 778 4102 quio
789 4041 892 4089 infirmae
904 4040 1038 4089 conditioni
1053 4041 1207 4101 plerumque
1217 4039 1252 4089 tu-
