2752 4806
203 425 224 470 ll
586 428 710 473 sancti
729 427 890 474 AMBROSH

203 504 241 558 sit
252 504 365 573 penitus
375 504 443 560 nibil
455 505 563 571 dicere,
581 520 665 576 quam
683 505 789 576 aliquid
799 504 860 560 falsi
872 505 1010 575 prolerre,
1024 519 1087 559 eum
1098 505 1217 560 sciamus
1229 519 1277 559 nos

203 584 327 638 omnium
344 598 502 640 sermonum
514 586 671 639 nostrorum
681 584 837 640 reddituros
855 599 914 639 esse
930 584 1075 638 rationem.
1088 587 1143 638 Nee
1154 583 1278 639 dubitem

203 661 255 718 etsi
266 675 321 717 non
330 663 364 717 ab
374 665 502 719 omuibus
510 664 618 730 omnia,
628 665 720 719 tamen
730 679 746 718 a
756 663 872 719 diversis
882 662 989 717 diversa
998 661 1079 727 seiri,
1092 664 1160 717 etea
1168 662 1278 731 cognita

203 739 341 796 nonnullis
350 754 426 807 esse,
437 757 501 813 quae
513 742 597 798 etiam
604 742 697 796 minus
707 742 766 810 ipse
775 744 823 796 aut
832 740 929 796 audire
938 740 986 794 aut
997 739 1092 794 videre
1103 740 1190 808 potui.
1201 741 1278 795 Unde

202 818 275 874 odie
284 820 434 875 nativitatis
446 821 506 891 ejus
517 820 647 875 narrandi
659 819 769 875 initium
780 834 902 884 sumam,
914 822 947 874 ut
956 819 1044 888 gratie
1055 819 1107 873 viri
1116 820 1151 873 ab
1163 820 1279 874 incuna-

148 942 151 950 .
202 897 276 952 bulis
287 913 350 969 quae
360 897 646 971 tuerit‚agnoscatur.

199 1036 201 1040 ,
236 979 262 1032 5.
277 979 364 1048 igitur
381 980 469 1049 posito
488 980 516 1033 in
534 979 769 1035 administratione
781 978 953 1049 praefecturae
966 979 1115 1034 Galliarum
1125 979 1201 1048 patro
1218 978 1278 1046 ejus

202 1056 361 1122 Ambrosio,
381 1060 461 1113 natus
479 1060 520 1114 est
537 1059 708 1113 Ambrosius.
719 1059 772 1127 Qui
790 1057 879 1114 intans
896 1060 925 1113 in
942 1074 1007 1114 area
1017 1058 1139 1128 praetorii
1157 1058 1185 1109 in
1206 1072 1277 1112 cuno

203 1136 323 1202 positus,
334 1149 398 1190 eum
409 1135 540 1192 dormiret
552 1140 648 1206 aperto
658 1151 721 1202 ore,
734 1137 825 1191 subito
838 1151 953 1191 examen
963 1151 1046 1205 apum
1059 1136 1222 1200 adveniens,
1232 1135 1277 1189 ta-

203 1213 275 1267 ciem
292 1214 352 1282 ejus
363 1215 446 1283 atque
459 1229 507 1269 ora
520 1216 683 1284 complevit3
696 1217 775 1269 itaut
789 1215 962 1285 ingrediendi
977 1215 1005 1268 iu
1020 1228 1049 1268 os
1062 1214 1278 1283 egrediendique

202 1292 276 1345 vices
288 1289 508 1361 frequentarent.
523 1295 589 1360 Qua
599 1296 693 1361 pater,
704 1293 752 1362 qui
765 1294 878 1362 propter
887 1307 950 1346 cum
962 1296 1050 1347 matre
1059 1294 1102 1346 vel
1115 1292 1170 1346 filia
1179 1293 1277 1346 deam·

202 1371 329 1436 balabat,
343 1386 378 1426 ne
390 1371 568 1441 abigerentur
582 1373 615 1424 ab
628 1372 741 1436 ancilla,
755 1387 817 1440 quae
829 1386 924 1424 euram
937 1372 1077 1425 nutriendi
1090 1371 1200 1425 infantis
1213 1387 1277 1425 sus-

203 1453 329 1518 ceperat,
346 1451 493 1520 prohibens
505 1449 515 1524 (
527 1451 642 1505 sollicita
655 1451 730 1505 enim
742 1452 802 1504 erat
814 1466 848 1504 ne
860 1450 957 1504 intanti
971 1448 1119 1523 nocerent)
1132 1454 1277 1519 exspecta-

202 1528 250 1583 bat
266 1529 355 1598 patrio
368 1529 486 1595 affectu,
504 1545 560 1601 quo
577 1529 631 1584 tine
645 1530 712 1584 illud
724 1530 888 1583 miraculum
902 1529 1088 1583 clauderetur·
1106 1532 1142 1586 nt
1153 1531 1206 1583 illae
1217 1533 1278 1598 post

203 1608 372 1679 aliquamdiu
389 1611 543 1675 evolantes,
562 1609 590 1663 in
603 1611 707 1663 tantam
720 1608 791 1663 aeris
802 1609 978 1662 altitudinem
993 1609 1142 1663 sublevatae
1154 1611 1233 1674 sunt,
1246 1612 1278 1663 ut

203 1687 330 1742 humanis
337 1688 542 1743 oculisminime
552 1687 720 1743 viderentur·
731 1689 791 1756 Quo
802 1686 875 1741 tacto
887 1687 1000 1741 territus
1011 1689 1089 1756 pater
1099 1688 1137 1741 ait
1148 1701 1155 1740 ε
1165 1688 1188 1742 si
1197 1688 1277 1742 vixe-

202 1765 239 1819 rit
249 1765 400 1822 intantulus
408 1768 476 1833 iste,
486 1766 591 1837 aliquid
602 1766 694 1836 magni
706 1766 769 1820 erit.
780 1766 950 1834 Operabatur
961 1766 1034 1821 enim
1044 1765 1102 1834 jam
1110 1768 1177 1820 tune
1185 1767 1279 1819 Domi-

203 1858 255 1898 nus
265 1846 296 1898 in'
304 1847 406 1900 servuli
418 1847 460 1900 sui
472 1844 602 1910 infantia,
613 1849 644 1899 ut
657 1847 819 1915 impleretur
828 1845 902 1915 quod
913 1844 1018 1898 dictum
1030 1846 1072 1899 est
1084 1859 1091 1896 :
1104 1847 1172 1899 Furi
1184 1845 1277 1900 nullis

202 1937 349 1982 sermones
358 1925 440 1990 botat;
450 1927 521 1981 illud
528 1927 603 1981 enim
613 1940 729 1981 examen
740 1940 823 1994 apum
833 1924 999 1994 scriptorum
1011 1924 1097 1993 ipsius
1107 1925 1184 1978 nobis
1193 1940 1280 1994 gene-

203 2005 281 2058 rabat
295 2002 386 2071 savoa,
404 2007 453 2076 qui
471 2006 593 2061 coelestia
611 2007 683 2060 dona
700 2003 911 2069 annuntiarent,
926 2006 954 2058 et
965 2005 1073 2058 mentes
1090 2004 1232 2058 bominum
1243 2004 1277 2058 de

203 2084 321 2138 terrenis
332 2085 367 2139 ad
377 2087 479 2141 eoelum
490 2086 640 2155 erigerent.

235 2164 262 2216 lt.
280 2165 376 2219 Postea
387 2179 452 2219 vero
470 2179 534 2220 curn
551 2163 727 2229 adolevisset,
746 2163 775 2218 et
789 2163 861 2218 esset
878 2162 907 2216 in
925 2163 994 2218 urbe
1010 2165 1096 2218 Roma
1113 2163 1279 2217 constitutus

202 2254 267 2296 cum
276 2245 364 2298 matre
375 2244 458 2299 vidua
469 2248 498 2298 et
506 2257 613 2309 sorore,
629 2259 691 2313 quae
700 2242 887 2312 virginitatem
901 2241 959 2310 jam
975 2241 1066 2297 fuerat
1083 2242 1219 2311 professa,
1232 2257 1279 2295 co-

202 2319 270 2375 mite
282 2320 334 2374 elia
345 2321 467 2390 virgine,
479 2322 558 2392 cujus
566 2322 681 2392 virginis
690 2334 766 2375 soror
778 2319 913 2385 Candida,
925 2322 953 2374 et
963 2321 1021 2388 ipsa
1030 2320 1155 2388 eiusdem
1167 2319 1276 2388 proies-

203 2397 302 2464 sionts,
314 2414 377 2469 quae
389 2414 463 2455 nunc
475 2400 638 2470 Cartbagine
650 2400 725 2470 degit
732 2400 789 2469 Jam
801 2413 869 2453 enus
876 2414 884 2464 3
898 2413 962 2453 eum
974 2398 1081 2453 videret
1090 2399 1278 2455 sacerdotibus

204 2491 222 2530 a
237 2476 402 2543 domestica,
418 2493 526 2544 sorore,
543 2481 588 2534 vel
603 2482 690 2533 matre
706 2493 804 2532 manus
821 2478 955 2542 oseulari,
969 2477 1026 2546 ipse
1038 2478 1134 2532 ludens
1146 2477 1279 2533 offerebat

204 2555 360 2622 dexteram,
372 2557 467 2612 dicens
479 2560 507 2611 et
518 2558 571 2611 sibi
581 2557 609 2611 id
618 2559 652 2612 ab
661 2572 695 2612 ea
705 2555 765 2612 fieri
775 2560 916 2626 oportere,
930 2556 1067 2626 siquidem
1078 2558 1237 2626 episcopum
1248 2573 1279 2613 se

203 2631 330 2692 futurum
342 2650 401 2690 esse
413 2637 596 2701 memorabat3
609 2636 773 2706 loquebatur
783 2636 856 2690 enim
866 2637 895 2688 in
905 2636 951 2689 illo
963 2636 1080 2704 Spiritus
1091 2637 1215 2701 Domini,
1229 2637 1278 2707 qui
1361 2656 1365 2660 ’

205 2712 283 2768 illum
292 2713 327 2768 ad
334 2713 519 2770 sacerdotium
525 2715 663 2770 nutriebat
672 2729 678 2768 :
686 2714 734 2768 illa
744 2727 810 2770 vero
820 2716 853 2768 ut
862 2714 1064 2770 adolescentem
1072 2718 1101 2770 et
1110 2717 1279 2769 nescientem

204 2791 272 2863 quid
288 2792 408 2860 diceret,
422 2795 580 2864 respuebat·

218 2877 223 2883 ’
236 2872 262 2927 ιι.
272 2873 325 2928 Sed
333 2873 477 2944 postquam
488 2874 600 2930 edoctus
609 2875 770 2930 liberalibus
780 2873 949 2942 disciplinis,
960 2888 996 2928 ex
1007 2874 1076 2929 urbe
1086 2887 1211 2943 egressus
1220 2875 1278 2938 est,

203 2950 396 3024 professusque
414 2953 442 3007 in
459 2952 595 3007 auditorio
615 2951 788 3021 praefecturae
809 2952 947 3021 praetorii,
967 2953 1006 3006 ita
1024 2953 1164 3021 splendide
1182 2967 1280 3007 causas
1313 2987 1315 2996 ι

203 3033 355 3101 peroravit,
369 3034 401 3088 ut
409 3032 561 3102 eligeretur
571 3048 587 3087 a
596 3033 656 3086 viro
665 3032 765 3086 illustri
772 3033 859 3086 Probo
867 3071 875 3097 ,
883 3035 950 3087 tunc
959 3031 1090 3101 praefecto
1097 3034 1233 3102 praetorii,
1245 3032 1279 3086 ad

204 3111 347 3166 eonsilium
359 3109 546 3168 tribuendum.
559 3112 621 3164 Post
633 3111 693 3164 baec
705 3110 905 3165 consularitatis
917 3111 1039 3179 suscepit
1049 3111 1182 3180 iusignia,
1193 3114 1225 3166 ut
1236 3126 1281 3166 re-

203 3193 282 3261 geret
293 3190 447 3261 Liguriam,
457 3190 649 3260 AEmiliamque
658 3190 828 3258 provincias,
841 3191 972 3262 venitque
981 3191 1174 3245 Mediolanum.

237 3273 264 3328 o.
283 3274 335 3325 Per
352 3269 426 3324 idem
441 3271 567 3338 tempus,
579 3273 688 3324 mortuo
705 3271 868 3336 Auxentio',
885 3271 1001 3326 arrianae
1018 3268 1140 3339 perfidiae
1154 3271 1281 3340 episcopo

206 3349 289 3422 (qui,
302 3347 432 3417 Dionysio
442 3348 531 3403 beate
542 3350 682 3404 memoriae
694 3348 847 3404 confessore
857 3349 892 3404 ad
902 3349 1028 3404 exsilium
1037 3349 1188 3415 destinato,
1202 3350 1283 3404 ineu-

203 3429 287 3485 babat
303 3424 470 3500 Ecclesiam)
483 3428 513 3494 “’,
533 3442 597 3484 eum
609 3430 726 3499 populos
743 3429 778 3484 ad
792 3429 954 3484 seditionem
970 3429 1097 3497 surgeret
1115 3428 1143 3481 in
1161 3427 1281 3497 petendo

227 3553 236 3572 ⁸
245 3551 291 3589 Post
300 3549 377 3600 viginti
387 3560 496 3590 annorum
506 3550 665 3600 occupationem
674 3550 834 3589 Mediolanensis
843 3549 942 3590 ecctoeiae.

227 3609 246 3630 '³
254 3607 375 3657 Imperator
382 3608 542 3647 Valentinianus
549 3616 601 3648 eum
610 3609 713 3656 episcopos
720 3609 747 3646 ad
755 3619 775 3646 se
783 3611 884 3654 vocasset,
893 3606 950 3655 apud
956 3616 990 3646 eos
998 3615 1048 3645 usus
1057 3608 1086 3645 est
1095 3603 1126 3644 iris
1135 3604 1281 3644 sermonibusr

206 3682 216 3699 ι
225 3666 304 3715 Aperte
312 3667 388 3711 nostis,
397 3666 580 3715 quemadmodum
591 3666 687 3704 homines
696 3665 754 3705 decet
765 3665 881 3705 innutritos
892 3664 969 3702 divinis
979 3665 1061 3710 verbis,
1073 3663 1158 3712 qualern
1170 3673 1210 3700 esse
1222 3663 1282 3700 hunc

207 3739 217 3756 κ
225 3723 337 3762 conveniat
345 3750 351 3771 ,
360 3724 399 3772 qui
411 3723 438 3761 ad
449 3723 555 3761 honorem
566 3725 693 3772 episcopatus
702 3727 867 3771 promoveatur3
875 3726 896 3760 et
906 3732 949 3770 qua
963 3723 1045 3760 ratione
1053 3721 1147 3759 subditos
1158 3729 1200 3757 non
1214 3719 1282 3756 verbo

207 3797 218 3814 u
226 3785 322 3826 tanturn,
333 3786 441 3820 resumet
453 3783 496 3820 vita
510 3791 584 3829 regere
595 3782 679 3828 debeat,
686 3787 707 3820 ei
716 3783 824 3828 exemplar
833 3781 903 3820 omnis
917 3782 1004 3819 virtutis
1015 3781 1104 3829 setpsum
1118 3787 1248 3826 proponere,
1258 3787 1283 3816 oc

207 3855 218 3872 ι
228 3839 317 3878 demum
328 3841 432 3879 doctrinae
440 3849 485 3877 suae
495 3844 567 3877 testem
577 3841 656 3878 hebere
665 3840 714 3877 vitae
724 3840 887 3877 institutionem.
898 3839 972 3876 Talem
982 3839 1050 3885 igitur
1061 3841 1081 3874 et
1093 3846 1152 3873 nunc
1166 3835 1189 3870 in
1202 3835 1282 3883 episeo-

207 3913 218 3930 ι
226 3898 269 3947 pall
278 3898 356 3936 throno
364 3897 463 3936 collocate
471 3922 476 3938 .
489 3900 514 3934 ιιι
524 3907 561 3935 nos
568 3908 581 3935 e
592 3899 672 3946 quihus
681 3898 799 3945 imperium
807 3897 951 3943 gubernetur,
960 3895 1040 3933 sineere
1049 3893 1178 3931 inclinemus
1187 3892 1207 3929 ei
1217 3894 1283 3940 capita

206 3969 218 3990 ι
227 3957 308 4001 nostra,
317 3957 338 3992 et
352 3953 415 3993 tactas
423 3954 450 3991 ab
458 3964 483 3992 eo
495 3955 667 4002 reprehensiones
678 3958 788 4001 tamquam
805 3953 910 3991 medicam
925 3952 1060 3990 curationem
1076 3950 1217 3998 excipiamus3
1231 3959 1283 3988 eum

206 4026 217 4045 ι
226 4011 286 4050 enim
292 4012 358 4050 simus
366 4010 472 4057 homines,
480 4011 544 4048 etiam
552 4010 786 4056 attendamusomnino
795 4019 877 4047 necesse
886 4012 922 4046 est.
932 4023 943 4041 ι

229 4067 360 4116 Religiosum
369 4068 520 4115 imperatorem
527 4067 704 4106 Valentinianum
713 4066 742 4102 ita
751 4068 869 4114 loquutum
879 4064 965 4111 rogabat
974 4068 1103 4113 conventus,
1112 4068 1137 4103 ut
1148 4064 1189 4113 ipse
1200 4061 1282 4102 suifra-

207 4123 269 4172 qtum
278 4126 355 4170 terret.
366 4126 444 4175 quippo
452 4126 491 4174 qui
502 4125 600 4174 sapientia
613 4129 634 4162 et
647 4124 723 4174 pietate
736 4127 824 4162 ornatus
834 4127 890 4163 esset.
900 4123 941 4163 ltle
951 4134 1016 4163 vero:
1028 4140 1037 4157 ιι
1050 4122 1112 4164 Vires
1124 4133 1193 4172 meas,
1205 4121 1282 4169 inquit.
