<?xml version="1.0" encoding="UTF-8"?>
<!DOCTYPE html PUBLIC "-//W3C//DTD XHTML 1.0 Transitional//EN"
    "http://www.w3.org/TR/xhtml1/DTD/xhtml1-transitional.dtd">
<html xmlns="http://www.w3.org/1999/xhtml" xml:lang="en" lang="en">
 <head>
  <title>
</title>
<meta http-equiv="Content-Type" content="text/html;charset=utf-8" />
  <meta name='ocr-system' content='tesseract 3.04.00' />
  <meta name='ocr-capabilities' content='ocr_page ocr_carea ocr_par ocr_line ocrx_word'/>
</head>
<body>
  <div class='ocr_page' id='page_1' title='image "./operaomnia02ambrgoog/operaomnia02ambrgoog_0185.png"; bbox 0 0 2752 4806; ppageno 0'>
   <div class='ocr_carea' id='block_1_1' title="bbox 150 389 867 446">
    <p class='ocr_par' dir='ltr' id='par_1_1' title="bbox 150 389 867 446">
     <span class='ocr_line' id='line_1_1' title="bbox 150 389 867 446; baseline -0.017 0"><span class='ocrx_word' id='word_1_1' title='bbox 150 395 197 446; x_wconf 77' lang='lat' dir='ltr'>itt</span> <span class='ocrx_word' id='word_1_2' title='bbox 544 393 673 439; x_wconf 74' lang='lat' dir='ltr'>sanent</span> <span class='ocrx_word' id='word_1_3' title='bbox 694 389 867 436; x_wconf 76' lang='lat' dir='ltr'>Amnnosll</span> 
     </span>
    </p>
   </div>
   <div class='ocr_carea' id='block_1_2' title="bbox 75 466 1238 2916">
    <p class='ocr_par' dir='ltr' id='par_1_2' title="bbox 75 466 1238 2916">
     <span class='ocr_line' id='line_1_2' title="bbox 148 466 1237 534; baseline -0.006 -10"><span class='ocrx_word' id='word_1_4' title='bbox 148 477 226 525; x_wconf 80' lang='lat' dir='ltr'>dicit:</span> <span class='ocrx_word' id='word_1_5' title='bbox 242 475 332 525; x_wconf 67' lang='lat' dir='ltr'>lomna</span> <span class='ocrx_word' id='word_1_6' title='bbox 349 476 375 524; x_wconf 82' lang='lat' dir='ltr'>tn</span> <span class='ocrx_word' id='word_1_7' title='bbox 394 487 510 534; x_wconf 77' lang='lat' dir='ltr'>compano.</span> <span class='ocrx_word' id='word_1_8' title='bbox 528 474 579 522; x_wconf 76' lang='lat' dir='ltr'>lton</span> <span class='ocrx_word' id='word_1_9' title='bbox 598 472 678 521; x_wconf 90' lang='lat' dir='ltr'>dicit:</span> <span class='ocrx_word' id='word_1_10' title='bbox 705 467 948 518; x_wconf 81' lang='lat' dir='ltr'>tentiamconlessio</span> <span class='ocrx_word' id='word_1_11' title='bbox 961 466 1028 516; x_wconf 88' lang='lat' dir='ltr'>enim</span> <span class='ocrx_word' id='word_1_12' title='bbox 1035 473 1237 528; x_wconf 78' lang='lat' dir='ltr'>poenarumeonl·</span> 
     </span>
     <span class='ocr_line' id='line_1_3' title="bbox 148 535 1237 603; baseline -0.007 -11"><span class='ocrx_word' id='word_1_13' title='bbox 148 545 237 592; x_wconf 66' lang='lat' dir='ltr'>flamus</span> <span class='ocrx_word' id='word_1_14' title='bbox 244 544 271 591; x_wconf 92' lang='lat' dir='ltr'>in</span> <span class='ocrx_word' id='word_1_15' title='bbox 281 541 434 603; x_wconf 78' lang='lat' dir='ltr'>paradisum,</span> <span class='ocrx_word' id='word_1_16' title='bbox 445 541 489 588; x_wconf 77' lang='lat' dir='ltr'>ulii</span> <span class='ocrx_word' id='word_1_17' title='bbox 498 553 571 601; x_wconf 86' lang='lat' dir='ltr'>poma</span> <span class='ocrx_word' id='word_1_18' title='bbox 581 540 679 598; x_wconf 90' lang='lat' dir='ltr'>tlorent,</span> <span class='ocrx_word' id='word_1_19' title='bbox 704 539 821 599; x_wconf 88' lang='lat' dir='ltr'>pendium</span> <span class='ocrx_word' id='word_1_20' title='bbox 827 538 874 585; x_wconf 87' lang='lat' dir='ltr'>est.</span> <span class='ocrx_word' id='word_1_21' title='bbox 879 537 939 584; x_wconf 92' lang='lat' dir='ltr'>lnde</span> <span class='ocrx_word' id='word_1_22' title='bbox 944 537 971 584; x_wconf 87' lang='lat' dir='ltr'>tn</span> <span class='ocrx_word' id='word_1_23' title='bbox 975 535 1075 594; x_wconf 81' lang='lat' dir='ltr'>iudiciis</span> <span class='ocrx_word' id='word_1_24' title='bbox 1080 537 1237 585; x_wconf 76' lang='lat' dir='ltr'>saecularibus</span> 
     </span>
     <span class='ocr_line' id='line_1_4' title="bbox 147 604 1238 670; baseline -0.009 -10"><span class='ocrx_word' id='word_1_25' title='bbox 147 625 198 660; x_wconf 84' lang='lat' dir='ltr'>non</span> <span class='ocrx_word' id='word_1_26' title='bbox 213 612 240 659; x_wconf 91' lang='lat' dir='ltr'>ln</span> <span class='ocrx_word' id='word_1_27' title='bbox 250 612 358 670; x_wconf 79' lang='lat' dir='ltr'><strong>aliquem</strong></span> <span class='ocrx_word' id='word_1_28' title='bbox 375 609 470 658; x_wconf 85' lang='lat' dir='ltr'>cultum</span> <span class='ocrx_word' id='word_1_29' title='bbox 484 611 510 657; x_wconf 93' lang='lat' dir='ltr'>et</span> <span class='ocrx_word' id='word_1_30' title='bbox 525 609 678 656; x_wconf 79' lang='lat' dir='ltr'>fructiferum</span> <span class='ocrx_word' id='word_1_31' title='bbox 705 607 813 667; x_wconf 79' lang='lat' dir='ltr'><strong>impositi</strong></span> <span class='ocrx_word' id='word_1_32' title='bbox 829 606 937 666; x_wconf 82' lang='lat' dir='ltr'>equuleo</span> <span class='ocrx_word' id='word_1_33' title='bbox 947 605 1096 665; x_wconf 80' lang='lat' dir='ltr'>torquentur</span> <span class='ocrx_word' id='word_1_34' title='bbox 1105 604 1238 664; x_wconf 65' lang='lat' dir='ltr'>negmtes,</span> 
     </span>
     <span class='ocr_line' id='line_1_5' title="bbox 147 670 1238 738; baseline -0.005 -13"><span class='ocrx_word' id='word_1_35' title='bbox 147 680 238 727; x_wconf 89' lang='lat' dir='ltr'>locum.</span> <span class='ocrx_word' id='word_1_36' title='bbox 249 679 297 738; x_wconf 90' lang='lat' dir='ltr'>lpsi</span> <span class='ocrx_word' id='word_1_37' title='bbox 308 678 436 738; x_wconf 80' lang='lat' dir='ltr'>parricidae</span> <span class='ocrx_word' id='word_1_38' title='bbox 452 677 560 725; x_wconf 87' lang='lat' dir='ltr'>indicant</span> <span class='ocrx_word' id='word_1_39' title='bbox 571 676 679 725; x_wconf 82' lang='lat' dir='ltr'>trucium</span> <span class='ocrx_word' id='word_1_40' title='bbox 704 675 729 723; x_wconf 88' lang='lat' dir='ltr'>et</span> <span class='ocrx_word' id='word_1_41' title='bbox 751 676 863 736; x_wconf 75' lang='lat' dir='ltr'>quasdam</span> <span class='ocrx_word' id='word_1_42' title='bbox 882 673 962 735; x_wconf 68' lang='lat' dir='ltr'>tangit</span> <span class='ocrx_word' id='word_1_43' title='bbox 979 672 1091 732; x_wconf 74' lang='lat' dir='ltr'>iudicem</span> <span class='ocrx_word' id='word_1_44' title='bbox 1113 670 1238 720; x_wconf 73' lang='lat' dir='ltr'><strong>miseratio</strong></span> 
     </span>
     <span class='ocr_line' id='line_1_6' title="bbox 147 740 1236 807; baseline -0.006 -13"><span class='ocrx_word' id='word_1_45' title='bbox 147 759 174 795; x_wconf 91' lang='lat' dir='ltr'>se</span> <span class='ocrx_word' id='word_1_46' title='bbox 184 746 285 795; x_wconf 87' lang='lat' dir='ltr'>sceleris</span> <span class='ocrx_word' id='word_1_47' title='bbox 296 747 388 794; x_wconf 86' lang='lat' dir='ltr'>habero</span> <span class='ocrx_word' id='word_1_48' title='bbox 399 758 449 794; x_wconf 91' lang='lat' dir='ltr'>non</span> <span class='ocrx_word' id='word_1_49' title='bbox 456 758 595 807; x_wconf 87' lang='lat' dir='ltr'>posse,nec</span> <span class='ocrx_word' id='word_1_50' title='bbox 603 758 679 806; x_wconf 90' lang='lat' dir='ltr'>penes</span> <span class='ocrx_word' id='word_1_51' title='bbox 704 744 850 792; x_wconf 81' lang='lat' dir='ltr'>confitentis.</span> <span class='ocrx_word' id='word_1_52' title='bbox 871 743 913 791; x_wconf 88' lang='lat' dir='ltr'>Est</span> <span class='ocrx_word' id='word_1_53' title='bbox 939 741 1049 802; x_wconf 74' lang='lat' dir='ltr'>quaedam</span> <span class='ocrx_word' id='word_1_54' title='bbox 1072 741 1103 788; x_wconf 90' lang='lat' dir='ltr'>ln</span> <span class='ocrx_word' id='word_1_55' title='bbox 1130 740 1236 801; x_wconf 83' lang='lat' dir='ltr'>peccatis</span> 
     </span>
     <span class='ocr_line' id='line_1_7' title="bbox 147 807 1236 877; baseline -0.006 -15"><span class='ocrx_word' id='word_1_56' title='bbox 147 828 189 862; x_wconf 88' lang='lat' dir='ltr'>eos</span> <span class='ocrx_word' id='word_1_57' title='bbox 201 815 310 862; x_wconf 77' lang='lat' dir='ltr'>fructum</span> <span class='ocrx_word' id='word_1_58' title='bbox 320 827 433 871; x_wconf 78' lang='lat' dir='ltr'>manere,</span> <span class='ocrx_word' id='word_1_59' title='bbox 447 815 490 877; x_wconf 89' lang='lat' dir='ltr'>qul</span> <span class='ocrx_word' id='word_1_60' title='bbox 504 815 579 869; x_wconf 68' lang='lat' dir='ltr'>tanta</span> <span class='ocrx_word' id='word_1_61' title='bbox 589 815 679 875; x_wconf 89' lang='lat' dir='ltr'>impie·</span> <span class='ocrx_word' id='word_1_62' title='bbox 703 812 899 871; x_wconf 86' lang='lat' dir='ltr'>verecundla‚et</span> <span class='ocrx_word' id='word_1_63' title='bbox 912 810 1066 873; x_wconf 70' lang='lat' dir='ltr'>poenitentiae</span> <span class='ocrx_word' id='word_1_64' title='bbox 1085 809 1170 869; x_wconf 89' lang='lat' dir='ltr'>portio</span> <span class='ocrx_word' id='word_1_65' title='bbox 1189 807 1236 855; x_wconf 84' lang='lat' dir='ltr'>eri·</span> 
     </span>
     <span class='ocr_line' id='line_1_8' title="bbox 146 874 1234 944; baseline -0.006 -15"><span class='ocrx_word' id='word_1_66' title='bbox 146 883 192 930; x_wconf 86' lang='lat' dir='ltr'>tati</span> <span class='ocrx_word' id='word_1_67' title='bbox 213 883 366 944; x_wconf 82' lang='lat' dir='ltr'>praebuerint</span> <span class='ocrx_word' id='word_1_68' title='bbox 383 882 501 931; x_wconf 81' lang='lat' dir='ltr'>officium.</span> <span class='ocrx_word' id='word_1_69' title='bbox 518 883 579 930; x_wconf 80' lang='lat' dir='ltr'>llam</span> <span class='ocrx_word' id='word_1_70' title='bbox 599 882 682 942; x_wconf 82' lang='lat' dir='ltr'>ipsam¹</span> <span class='ocrx_word' id='word_1_71' title='bbox 703 891 760 928; x_wconf 85' lang='lat' dir='ltr'>mon</span> <span class='ocrx_word' id='word_1_72' title='bbox 771 878 858 939; x_wconf 84' lang='lat' dir='ltr'>interi,</span> <span class='ocrx_word' id='word_1_73' title='bbox 868 891 914 927; x_wconf 82' lang='lat' dir='ltr'>nec</span> <span class='ocrx_word' id='word_1_74' title='bbox 928 879 1041 926; x_wconf 81' lang='lat' dir='ltr'>derivare</span> <span class='ocrx_word' id='word_1_75' title='bbox 1052 877 1153 936; x_wconf 78' lang='lat' dir='ltr'>culpam</span> <span class='ocrx_word' id='word_1_76' title='bbox 1163 874 1183 934; x_wconf 79' lang='lat'>⁸,</span> <span class='ocrx_word' id='word_1_77' title='bbox 1193 874 1234 923; x_wconf 85' lang='lat' dir='ltr'>sed</span> 
     </span>
     <span class='ocr_line' id='line_1_9' title="bbox 145 943 1234 1011; baseline -0.007 -13"><span class='ocrx_word' id='word_1_78' title='bbox 145 951 273 1011; x_wconf 71' lang='lat' dir='ltr'>retnnlunt</span> <span class='ocrx_word' id='word_1_79' title='bbox 290 951 469 1001; x_wconf 85' lang='lat' dir='ltr'>elementorum</span> <span class='ocrx_word' id='word_1_80' title='bbox 484 950 677 1011; x_wconf 68' lang='lat' dir='ltr'><strong>benignitatem,</strong></span> <span class='ocrx_word' id='word_1_81' title='bbox 702 959 886 1007; x_wconf 69' lang='lat' dir='ltr'>recognoscere.</span> <span class='ocrx_word' id='word_1_82' title='bbox 905 946 999 1006; x_wconf 69' lang='lat' dir='ltr'>tlidgat</span> <span class='ocrx_word' id='word_1_83' title='bbox 1022 945 1137 1004; x_wconf 80' lang='lat' dir='ltr'>indicem</span> <span class='ocrx_word' id='word_1_84' title='bbox 1157 943 1234 1004; x_wconf 88' lang='lat' dir='ltr'>pudor</span> 
     </span>
     <span class='ocr_line' id='line_1_10' title="bbox 145 1012 1233 1081; baseline -0.006 -15"><span class='ocrx_word' id='word_1_85' title='bbox 145 1019 298 1068; x_wconf 84' lang='lat' dir='ltr'>utlstecaln</span> <span class='ocrx_word' id='word_1_86' title='bbox 308 1019 352 1081; x_wconf 87' lang='lat' dir='ltr'>qul</span> <span class='ocrx_word' id='word_1_87' title='bbox 362 1020 461 1068; x_wconf 83' lang='lat' dir='ltr'>videtur</span> <span class='ocrx_word' id='word_1_88' title='bbox 471 1020 577 1080; x_wconf 84' lang='lat' dir='ltr'>veritus,</span> <span class='ocrx_word' id='word_1_89' title='bbox 588 1020 678 1067; x_wconf 87' lang='lat' dir='ltr'>nelar-</span> <span class='ocrx_word' id='word_1_90' title='bbox 702 1012 1153 1075; x_wconf 82' lang='lat' dir='ltr'>reorum,excitatautempertinacia</span> <span class='ocrx_word' id='word_1_91' title='bbox 1160 1013 1233 1060; x_wconf 79' lang='lat' dir='ltr'>dene·</span> 
     </span>
     <span class='ocr_line' id='line_1_11' title="bbox 145 1081 1234 1148; baseline -0.007 -13"><span class='ocrx_word' id='word_1_92' title='bbox 145 1088 200 1147; x_wconf 70' lang='lat' dir='ltr'>aior</span> <span class='ocrx_word' id='word_1_93' title='bbox 209 1088 268 1136; x_wconf 78' lang='lat' dir='ltr'>loni</span> <span class='ocrx_word' id='word_1_94' title='bbox 279 1088 346 1136; x_wconf 88' lang='lat' dir='ltr'>terra</span> <span class='ocrx_word' id='word_1_95' title='bbox 356 1087 491 1148; x_wconf 74' lang='lat' dir='ltr'>proventus</span> <span class='ocrx_word' id='word_1_96' title='bbox 501 1088 571 1137; x_wconf 89' lang='lat' dir='ltr'>triste</span> <span class='ocrx_word' id='word_1_97' title='bbox 581 1088 678 1136; x_wconf 86' lang='lat' dir='ltr'>lacinus</span> <span class='ocrx_word' id='word_1_98' title='bbox 702 1083 821 1143; x_wconf 68' lang='lat' dir='ltr'>nandum.</span> <span class='ocrx_word' id='word_1_99' title='bbox 827 1082 885 1131; x_wconf 85' lang='lat' dir='ltr'>Vult</span> <span class='ocrx_word' id='word_1_100' title='bbox 893 1084 918 1131; x_wconf 91' lang='lat' dir='ltr'>te</span> <span class='ocrx_word' id='word_1_101' title='bbox 927 1094 1063 1143; x_wconf 85' lang='lat' dir='ltr'>provocare</span> <span class='ocrx_word' id='word_1_102' title='bbox 1068 1081 1102 1128; x_wconf 83' lang='lat' dir='ltr'>ad</span> <span class='ocrx_word' id='word_1_103' title='bbox 1111 1081 1234 1140; x_wconf 80' lang='lat' dir='ltr'>pmuiten-</span> 
     </span>
     <span class='ocr_line' id='line_1_12' title="bbox 144 1149 1233 1217; baseline -0.005 -17"><span class='ocrx_word' id='word_1_104' title='bbox 144 1155 293 1217; x_wconf 89' lang='lat' dir='ltr'>impediret,</span> <span class='ocrx_word' id='word_1_105' title='bbox 304 1157 331 1204; x_wconf 91' lang='lat' dir='ltr'>et</span> <span class='ocrx_word' id='word_1_106' title='bbox 347 1157 503 1204; x_wconf 78' lang='lat' dir='ltr'><strong>liberalitatis</strong></span> <span class='ocrx_word' id='word_1_107' title='bbox 518 1157 676 1206; x_wconf 79' lang='lat' dir='ltr'>assuetudine</span> <span class='ocrx_word' id='word_1_108' title='bbox 701 1151 762 1199; x_wconf 86' lang='lat' dir='ltr'>tiam</span> <span class='ocrx_word' id='word_1_109' title='bbox 773 1153 849 1206; x_wconf 75' lang='lat' dir='ltr'>Deus,</span> <span class='ocrx_word' id='word_1_110' title='bbox 860 1152 915 1200; x_wconf 81' lang='lat' dir='ltr'>vult</span> <span class='ocrx_word' id='word_1_111' title='bbox 925 1152 956 1199; x_wconf 91' lang='lat' dir='ltr'>de</span> <span class='ocrx_word' id='word_1_112' title='bbox 966 1163 993 1199; x_wconf 92' lang='lat' dir='ltr'>se</span> <span class='ocrx_word' id='word_1_113' title='bbox 1003 1151 1099 1210; x_wconf 86' lang='lat' dir='ltr'>sperari</span> <span class='ocrx_word' id='word_1_114' title='bbox 1108 1149 1233 1208; x_wconf 70' lang='lat' dir='ltr'>indulgen·</span> 
     </span>
     <span class='ocr_line' id='line_1_13' title="bbox 144 1217 1232 1284; baseline 0.001 -14"><span class='ocrx_word' id='word_1_115' title='bbox 144 1223 273 1284; x_wconf 73' lang='lat' dir='ltr'>genitalis,</span> <span class='ocrx_word' id='word_1_116' title='bbox 281 1238 336 1283; x_wconf 81' lang='lat' dir='ltr'>quas</span> <span class='ocrx_word' id='word_1_117' title='bbox 347 1224 407 1273; x_wconf 87' lang='lat' dir='ltr'>iacit</span> <span class='ocrx_word' id='word_1_118' title='bbox 417 1225 463 1272; x_wconf 85' lang='lat' dir='ltr'>sibi</span> <span class='ocrx_word' id='word_1_119' title='bbox 472 1225 537 1273; x_wconf 89' lang='lat' dir='ltr'>ictus</span> <span class='ocrx_word' id='word_1_120' title='bbox 547 1227 573 1273; x_wconf 89' lang='lat' dir='ltr'>et</span> <span class='ocrx_word' id='word_1_121' title='bbox 583 1225 677 1274; x_wconf 85' lang='lat' dir='ltr'>fructus</span> <span class='ocrx_word' id='word_1_122' title='bbox 694 1220 774 1280; x_wconf 65' lang='lat' dir='ltr'>fiam,</span> <span class='ocrx_word' id='word_1_123' title='bbox 782 1220 836 1269; x_wconf 76' lang='lat' dir='ltr'>vuli</span> <span class='ocrx_word' id='word_1_124' title='bbox 846 1219 1012 1268; x_wconf 68' lang='lat' dir='ltr'>demonstrare</span> <span class='ocrx_word' id='word_1_125' title='bbox 1024 1219 1068 1266; x_wconf 66' lang='lat' dir='ltr'>illa</span> <span class='ocrx_word' id='word_1_126' title='bbox 1079 1217 1232 1265; x_wconf 63' lang='grc' dir='ltr'>θθῑὶῐθῦἰῦῑῑθ</span> 
     </span>
     <span class='ocr_line' id='line_1_14' title="bbox 144 1283 1231 1353; baseline -0.006 -14"><span class='ocrx_word' id='word_1_127' title='bbox 144 1289 226 1338; x_wconf 71' lang='lat' dir='ltr'>varios</span> <span class='ocrx_word' id='word_1_128' title='bbox 235 1293 515 1352; x_wconf 71' lang='lat' dir='ltr'>germinascero,inlroc</span> <span class='ocrx_word' id='word_1_129' title='bbox 524 1306 620 1353; x_wconf 80' lang='lat' dir='ltr'>quoqne</span> <span class='ocrx_word' id='word_1_130' title='bbox 630 1295 676 1341; x_wconf 86' lang='lat' dir='ltr'>cri·</span> <span class='ocrx_word' id='word_1_131' title='bbox 701 1289 767 1350; x_wconf 84' lang='lat' dir='ltr'>quod</span> <span class='ocrx_word' id='word_1_132' title='bbox 781 1288 874 1336; x_wconf 91' lang='lat' dir='ltr'>nonsit</span> <span class='ocrx_word' id='word_1_133' title='bbox 889 1289 974 1335; x_wconf 77' lang='lat' dir='ltr'>auctor</span> <span class='ocrx_word' id='word_1_134' title='bbox 989 1287 1102 1334; x_wconf 78' lang='lat' dir='ltr'>malitiae.</span> <span class='ocrx_word' id='word_1_135' title='bbox 1114 1287 1175 1333; x_wconf 83' lang='lat' dir='ltr'>llam</span> <span class='ocrx_word' id='word_1_136' title='bbox 1191 1283 1231 1346; x_wconf 81' lang='lat' dir='ltr'>qni</span> 
     </span>
     <span class='ocr_line' id='line_1_15' title="bbox 144 1353 1232 1422; baseline -0.004 -17"><span class='ocrx_word' id='word_1_137' title='bbox 144 1358 219 1406; x_wconf 80' lang='lat' dir='ltr'>miuls</span> <span class='ocrx_word' id='word_1_138' title='bbox 228 1362 349 1420; x_wconf 85' lang='lat' dir='ltr'>apparatu</span> <span class='ocrx_word' id='word_1_139' title='bbox 359 1363 399 1410; x_wconf 81' lang='lat' dir='ltr'>rol</span> <span class='ocrx_word' id='word_1_140' title='bbox 409 1361 478 1409; x_wconf 87' lang='lat' dir='ltr'>muta</span> <span class='ocrx_word' id='word_1_141' title='bbox 488 1363 571 1422; x_wconf 90' lang='lat' dir='ltr'>specie</span> <span class='ocrx_word' id='word_1_142' title='bbox 581 1363 620 1409; x_wconf 90' lang='lat' dir='ltr'>sui</span> <span class='ocrx_word' id='word_1_143' title='bbox 628 1363 676 1410; x_wconf 85' lang='lat' dir='ltr'>ira·</span> <span class='ocrx_word' id='word_1_144' title='bbox 701 1356 943 1417; x_wconf 87' lang='lat' dir='ltr'>peccatumsuumad</span> <span class='ocrx_word' id='word_1_145' title='bbox 951 1355 1081 1417; x_wconf 81' lang='lat' dir='ltr'>quamdam</span> <span class='ocrx_word' id='word_1_146' title='bbox 1087 1353 1232 1402; x_wconf 80' lang='lat' dir='ltr'>referuntut</span> 
     </span>
     <span class='ocr_line' id='line_1_16' title="bbox 144 1421 1230 1486; baseline -0.004 -12"><span class='ocrx_word' id='word_1_147' title='bbox 144 1427 246 1475; x_wconf 87' lang='lat' dir='ltr'>ternum.</span> <span class='ocrx_word' id='word_1_148' title='bbox 257 1430 386 1478; x_wconf 83' lang='lat' dir='ltr'>revocaret</span> <span class='ocrx_word' id='word_1_149' title='bbox 395 1429 517 1478; x_wconf 84' lang='lat' dir='ltr'>allectum.</span> <span class='ocrx_word' id='word_1_150' title='bbox 526 1431 597 1478; x_wconf 85' lang='lat' dir='ltr'>Latro</span> <span class='ocrx_word' id='word_1_151' title='bbox 608 1431 676 1478; x_wconf 91' lang='lat' dir='ltr'>diem</span> <span class='ocrx_word' id='word_1_152' title='bbox 701 1426 806 1486; x_wconf 75' lang='lat' dir='ltr'>gentiles</span> <span class='ocrx_word' id='word_1_153' title='bbox 816 1426 943 1483; x_wconf 88' lang='lat' dir='ltr'>adserunt,</span> <span class='ocrx_word' id='word_1_154' title='bbox 948 1423 1043 1473; x_wconf 90' lang='lat' dir='ltr'>decreti</span> <span class='ocrx_word' id='word_1_155' title='bbox 1052 1424 1095 1471; x_wconf 92' lang='lat' dir='ltr'>aut</span> <span class='ocrx_word' id='word_1_156' title='bbox 1103 1421 1230 1484; x_wconf 86' lang='lat' dir='ltr'>operissnt</span> 
     </span>
     <span class='ocr_line' id='line_1_17' title="bbox 143 1490 1229 1559; baseline -0.006 -16"><span class='ocrx_word' id='word_1_157' title='bbox 143 1495 236 1556; x_wconf 73' lang='lat' dir='ltr'>reingst</span> <span class='ocrx_word' id='word_1_158' title='bbox 253 1497 323 1557; x_wconf 81' lang='lat' dir='ltr'>quasi</span> <span class='ocrx_word' id='word_1_159' title='bbox 341 1497 452 1546; x_wconf 90' lang='lat' dir='ltr'>oriminis</span> <span class='ocrx_word' id='word_1_160' title='bbox 472 1499 576 1559; x_wconf 91' lang='lat' dir='ltr'>testem,</span> <span class='ocrx_word' id='word_1_161' title='bbox 594 1500 675 1547; x_wconf 73' lang='lat' dir='ltr'>lucem</span> <span class='ocrx_word' id='word_1_162' title='bbox 700 1492 977 1552; x_wconf 82' lang='lat' dir='ltr'>necessitatem,divina</span> <span class='ocrx_word' id='word_1_163' title='bbox 988 1502 1093 1551; x_wconf 75' lang='lat' dir='ltr'>arguere</span> <span class='ocrx_word' id='word_1_164' title='bbox 1105 1490 1229 1547; x_wconf 85' lang='lat' dir='ltr'>videntur,</span> 
     </span>
     <span class='ocr_line' id='line_1_18' title="bbox 143 1557 1229 1627; baseline -0.004 -18"><span class='ocrx_word' id='word_1_165' title='bbox 143 1561 242 1612; x_wconf 83' lang='lat' dir='ltr'>adulter</span> <span class='ocrx_word' id='word_1_166' title='bbox 256 1565 382 1614; x_wconf 83' lang='lat' dir='ltr'>erubescit</span> <span class='ocrx_word' id='word_1_167' title='bbox 397 1566 469 1627; x_wconf 87' lang='lat' dir='ltr'>quasi</span> <span class='ocrx_word' id='word_1_168' title='bbox 485 1566 601 1614; x_wconf 87' lang='lat' dir='ltr'>adulterii</span> <span class='ocrx_word' id='word_1_169' title='bbox 617 1579 676 1615; x_wconf 91' lang='lat' dir='ltr'>con·</span> <span class='ocrx_word' id='word_1_170' title='bbox 700 1561 769 1620; x_wconf 82' lang='lat' dir='ltr'>quasi</span> <span class='ocrx_word' id='word_1_171' title='bbox 779 1562 889 1622; x_wconf 89' lang='lat' dir='ltr'>ipsorum</span> <span class='ocrx_word' id='word_1_172' title='bbox 898 1562 937 1612; x_wconf 82' lang='lat' dir='ltr'>ris</span> <span class='ocrx_word' id='word_1_173' title='bbox 946 1572 1019 1608; x_wconf 88' lang='lat' dir='ltr'>causa</span> <span class='ocrx_word' id='word_1_174' title='bbox 1029 1560 1131 1620; x_wconf 88' lang='lat' dir='ltr'>peccati</span> <span class='ocrx_word' id='word_1_175' title='bbox 1141 1558 1180 1606; x_wconf 83' lang='lat' dir='ltr'>sit</span> <span class='ocrx_word' id='word_1_176' title='bbox 1186 1557 1229 1616; x_wconf 82' lang='lat' dir='ltr'>in</span> 
     </span>
     <span class='ocr_line' id='line_1_19' title="bbox 143 1626 1232 1693; baseline -0.002 -16"><span class='ocrx_word' id='word_1_177' title='bbox 143 1631 356 1693; x_wconf 84' lang='lat' dir='ltr'>seiam‚parrioida</span> <span class='ocrx_word' id='word_1_178' title='bbox 362 1635 483 1683; x_wconf 88' lang='lat' dir='ltr'>terrarum</span> <span class='ocrx_word' id='word_1_179' title='bbox 490 1634 675 1683; x_wconf 87' lang='lat' dir='ltr'>ioecundltatem</span> <span class='ocrx_word' id='word_1_180' title='bbox 700 1630 766 1677; x_wconf 89' lang='lat' dir='ltr'>enim</span> <span class='ocrx_word' id='word_1_181' title='bbox 776 1632 924 1680; x_wconf 85' lang='lat' dir='ltr'>necessitate</span> <span class='ocrx_word' id='word_1_182' title='bbox 935 1631 1018 1690; x_wconf 83' lang='lat' dir='ltr'>aliqua</span> <span class='ocrx_word' id='word_1_183' title='bbox 1029 1629 1133 1676; x_wconf 86' lang='lat' dir='ltr'>coaetus</span> <span class='ocrx_word' id='word_1_184' title='bbox 1139 1626 1232 1676; x_wconf 85' lang='lat' dir='ltr'>oceidc·</span> 
     </span>
     <span class='ocr_line' id='line_1_20' title="bbox 142 1697 1229 1763; baseline -0.007 -13"><span class='ocrx_word' id='word_1_185' title='bbox 142 1697 214 1759; x_wconf 68' lang='lat' dir='ltr'>fugit.</span> <span class='ocrx_word' id='word_1_186' title='bbox 222 1699 346 1760; x_wconf 81' lang='lat' dir='ltr'>Quomodo</span> <span class='ocrx_word' id='word_1_187' title='bbox 355 1702 421 1751; x_wconf 89' lang='lat' dir='ltr'>onim</span> <span class='ocrx_word' id='word_1_188' title='bbox 432 1702 529 1763; x_wconf 87' lang='lat' dir='ltr'>poterat</span> <span class='ocrx_word' id='word_1_189' title='bbox 539 1705 675 1753; x_wconf 84' lang='lat' dir='ltr'>communis</span> <span class='ocrx_word' id='word_1_190' title='bbox 700 1698 822 1759; x_wconf 61' lang='lat' dir='ltr'>nequae</span> <span class='ocrx_word' id='word_1_191' title='bbox 832 1699 925 1747; x_wconf 81' lang='lat' dir='ltr'>inritus</span> <span class='ocrx_word' id='word_1_192' title='bbox 934 1697 1076 1746; x_wconf 76' lang='lat' dir='ltr'>occiditlla</span> <span class='ocrx_word' id='word_1_193' title='bbox 1086 1708 1148 1745; x_wconf 82' lang='lat' dir='ltr'>vero</span> <span class='ocrx_word' id='word_1_194' title='bbox 1158 1704 1229 1755; x_wconf 71' lang='lat' dir='ltr'>quea</span> 
     </span>
     <span class='ocr_line' id='line_1_21' title="bbox 75 1761 1228 1830; baseline -0.008 -14"><span class='ocrx_word' id='word_1_195' title='bbox 75 1813 78 1816; x_wconf 76' lang='grc'>,</span> <span class='ocrx_word' id='word_1_196' title='bbox 142 1767 324 1825; x_wconf 66' lang='lat' dir='ltr'>vetusvineis</span> <span class='ocrx_word' id='word_1_197' title='bbox 335 1769 470 1830; x_wconf 87' lang='lat' dir='ltr'>consortia,</span> <span class='ocrx_word' id='word_1_198' title='bbox 482 1769 525 1830; x_wconf 90' lang='lat' dir='ltr'>qul</span> <span class='ocrx_word' id='word_1_199' title='bbox 538 1773 674 1820; x_wconf 89' lang='lat' dir='ltr'>consortem</span> <span class='ocrx_word' id='word_1_200' title='bbox 699 1767 770 1816; x_wconf 84' lang='lat' dir='ltr'>nobis</span> <span class='ocrx_word' id='word_1_201' title='bbox 780 1769 852 1827; x_wconf 88' lang='lat' dir='ltr'>sunt,</span> <span class='ocrx_word' id='word_1_202' title='bbox 864 1766 1051 1815; x_wconf 85' lang='lat' dir='ltr'>excusationem</span> <span class='ocrx_word' id='word_1_203' title='bbox 1060 1775 1113 1812; x_wconf 93' lang='lat' dir='ltr'>non</span> <span class='ocrx_word' id='word_1_204' title='bbox 1125 1761 1228 1810; x_wconf 69' lang='lat' dir='ltr'>halama</span> 
     </span>
     <span class='ocr_line' id='line_1_22' title="bbox 142 1829 1228 1898; baseline -0.002 -18"><span class='ocrx_word' id='word_1_205' title='bbox 142 1835 183 1880; x_wconf 76' lang='lat' dir='ltr'>stri</span> <span class='ocrx_word' id='word_1_206' title='bbox 190 1837 316 1894; x_wconf 69' lang='lat' dir='ltr'>sanguims</span> <span class='ocrx_word' id='word_1_207' title='bbox 326 1838 480 1886; x_wconf 71' lang='lat' dir='ltr'>trucidabat!</span> <span class='ocrx_word' id='word_1_208' title='bbox 489 1839 579 1898; x_wconf 80' lang='lat' dir='ltr'>loseph</span> <span class='ocrx_word' id='word_1_209' title='bbox 595 1841 623 1887; x_wconf 90' lang='lat' dir='ltr'>in</span> <span class='ocrx_word' id='word_1_210' title='bbox 638 1842 674 1887; x_wconf 83' lang='lat' dir='ltr'>la-</span> <span class='ocrx_word' id='word_1_211' title='bbox 692 1846 753 1896; x_wconf 51' lang='lat' dir='ltr'>*qusa</span> <span class='ocrx_word' id='word_1_212' title='bbox 762 1837 845 1885; x_wconf 89' lang='lat' dir='ltr'>autern</span> <span class='ocrx_word' id='word_1_213' title='bbox 853 1836 942 1896; x_wconf 87' lang='lat' dir='ltr'>praeter</span> <span class='ocrx_word' id='word_1_214' title='bbox 949 1847 994 1883; x_wconf 93' lang='lat' dir='ltr'>nos</span> <span class='ocrx_word' id='word_1_215' title='bbox 1001 1834 1069 1893; x_wconf 86' lang='lat' dir='ltr'>sunt,</span> <span class='ocrx_word' id='word_1_216' title='bbox 1078 1829 1228 1880; x_wconf 71' lang='lat' dir='ltr'>excusabili·</span> 
     </span>
     <span class='ocr_line' id='line_1_23' title="bbox 142 1899 1229 1965; baseline -0.002 -16"><span class='ocrx_word' id='word_1_217' title='bbox 142 1912 200 1948; x_wconf 84' lang='lat' dir='ltr'>cum</span> <span class='ocrx_word' id='word_1_218' title='bbox 222 1903 330 1951; x_wconf 85' lang='lat' dir='ltr'>mittitm</span> <span class='ocrx_word' id='word_1_219' title='bbox 353 1905 465 1963; x_wconf 87' lang='lat' dir='ltr'>siceum,</span> <span class='ocrx_word' id='word_1_220' title='bbox 486 1905 589 1958; x_wconf 77' lang='lat' dir='ltr'>Ammon</span> <span class='ocrx_word' id='word_1_221' title='bbox 610 1908 673 1956; x_wconf 91' lang='lat' dir='ltr'>iutra</span> <span class='ocrx_word' id='word_1_222' title='bbox 699 1905 826 1952; x_wconf 81' lang='lat' dir='ltr'>suntsed</span> <span class='ocrx_word' id='word_1_223' title='bbox 841 1906 932 1965; x_wconf 85' lang='lat' dir='ltr'>quanto</span> <span class='ocrx_word' id='word_1_224' title='bbox 946 1901 1047 1965; x_wconf 67' lang='lat' dir='ltr'>gravius</span> <span class='ocrx_word' id='word_1_225' title='bbox 1060 1901 1167 1962; x_wconf 88' lang='lat' dir='ltr'>peccato</span> <span class='ocrx_word' id='word_1_226' title='bbox 1180 1899 1229 1960; x_wconf 85' lang='lat' dir='ltr'>ipso</span> 
     </span>
     <span class='ocr_line' id='line_1_24' title="bbox 143 1968 1228 2033; baseline 0.002 -19"><span class='ocrx_word' id='word_1_227' title='bbox 143 1968 242 2016; x_wconf 91' lang='lat' dir='ltr'>domum</span> <span class='ocrx_word' id='word_1_228' title='bbox 252 1970 380 2021; x_wconf 87' lang='lat' dir='ltr'>occiditur.</span> <span class='ocrx_word' id='word_1_229' title='bbox 392 1973 490 2020; x_wconf 81' lang='lat' dir='ltr'>lustum</span> <span class='ocrx_word' id='word_1_230' title='bbox 501 1973 578 2033; x_wconf 68' lang='lat' dir='ltr'>igitur</span> <span class='ocrx_word' id='word_1_231' title='bbox 587 1978 673 2023; x_wconf 88' lang='lat' dir='ltr'>natura</span> <span class='ocrx_word' id='word_1_232' title='bbox 698 1973 729 2019; x_wconf 90' lang='lat' dir='ltr'>ad</span> <span class='ocrx_word' id='word_1_233' title='bbox 740 1973 820 2020; x_wconf 89' lang='lat' dir='ltr'>Deum</span> <span class='ocrx_word' id='word_1_234' title='bbox 828 1973 921 2020; x_wconf 85' lang='lat' dir='ltr'>reterre</span> <span class='ocrx_word' id='word_1_235' title='bbox 929 1971 998 2031; x_wconf 84' lang='lat' dir='ltr'>qnod·</span> <span class='ocrx_word' id='word_1_236' title='bbox 1006 1969 1108 2028; x_wconf 84' lang='lat' dir='ltr'>teneris,</span> <span class='ocrx_word' id='word_1_237' title='bbox 1115 1969 1142 2017; x_wconf 92' lang='lat' dir='ltr'>et</span> <span class='ocrx_word' id='word_1_238' title='bbox 1150 1968 1228 2016; x_wconf 81' lang='lat' dir='ltr'>reatus</span> 
     </span>
     <span class='ocr_line' id='line_1_25' title="bbox 143 2036 1227 2105; baseline 0.002 -23"><span class='ocrx_word' id='word_1_239' title='bbox 143 2041 180 2082; x_wconf 83' lang='lat' dir='ltr'>eet</span> <span class='ocrx_word' id='word_1_240' title='bbox 188 2036 545 2099; x_wconf 85' lang='lat' dir='ltr'>impertite·judicinm‚ealoca</span> <span class='ocrx_word' id='word_1_241' title='bbox 552 2040 577 2087; x_wconf 92' lang='lat' dir='ltr'>in</span> <span class='ocrx_word' id='word_1_242' title='bbox 584 2042 674 2101; x_wconf 84' lang='lat' dir='ltr'>quibus</span> <span class='ocrx_word' id='word_1_243' title='bbox 698 2040 737 2087; x_wconf 92' lang='lat' dir='ltr'>tul</span> <span class='ocrx_word' id='word_1_244' title='bbox 752 2041 873 2091; x_wconf 76' lang='lat' dir='ltr'>invidiam</span> <span class='ocrx_word' id='word_1_245' title='bbox 884 2039 1056 2088; x_wconf 82' lang='lat' dir='ltr'>transfundere</span> <span class='ocrx_word' id='word_1_246' title='bbox 1067 2037 1095 2105; x_wconf 81' lang='lat' dir='ltr'>in</span> <span class='ocrx_word' id='word_1_247' title='bbox 1105 2037 1227 2085; x_wconf 65' lang='lat' dir='ltr'>annonem</span> 
     </span>
     <span class='ocr_line' id='line_1_26' title="bbox 142 2103 1099 2168; baseline 0.006 -18"><span class='ocrx_word' id='word_1_248' title='bbox 142 2104 196 2152; x_wconf 88' lang='lat' dir='ltr'>erat</span> <span class='ocrx_word' id='word_1_249' title='bbox 205 2103 316 2154; x_wconf 82' lang='lat' dir='ltr'>futurum</span> <span class='ocrx_word' id='word_1_250' title='bbox 326 2107 500 2167; x_wconf 85' lang='lat' dir='ltr'>parricidium,</span> <span class='ocrx_word' id='word_1_251' title='bbox 511 2109 621 2156; x_wconf 88' lang='lat' dir='ltr'>muneris</span> <span class='ocrx_word' id='word_1_252' title='bbox 635 2111 672 2156; x_wconf 90' lang='lat' dir='ltr'>sui</span> <span class='ocrx_word' id='word_1_253' title='bbox 697 2119 746 2155; x_wconf 92' lang='lat' dir='ltr'>non</span> <span class='ocrx_word' id='word_1_254' title='bbox 757 2108 881 2168; x_wconf 89' lang='lat' dir='ltr'>criminis,</span> <span class='ocrx_word' id='word_1_255' title='bbox 889 2108 932 2156; x_wconf 92' lang='lat' dir='ltr'>sed</span> <span class='ocrx_word' id='word_1_256' title='bbox 942 2104 1099 2156; x_wconf 73' lang='lat' dir='ltr'>mecentio.</span> 
     </span>
     <span class='ocr_line' id='line_1_27' title="bbox 141 2168 1228 2236; baseline 0.003 -18"><span class='ocrx_word' id='word_1_257' title='bbox 141 2169 199 2220; x_wconf 91' lang='lat' dir='ltr'>dote</span> <span class='ocrx_word' id='word_1_258' title='bbox 218 2173 356 2233; x_wconf 81' lang='lat' dir='ltr'>privando:</span> <span class='ocrx_word' id='word_1_259' title='bbox 373 2176 402 2223; x_wconf 91' lang='lat' dir='ltr'>nt</span> <span class='ocrx_word' id='word_1_260' title='bbox 422 2188 455 2222; x_wconf 77' lang='lat' dir='ltr'>ex</span> <span class='ocrx_word' id='word_1_261' title='bbox 473 2175 613 2222; x_wconf 84' lang='lat' dir='ltr'>innocentis</span> <span class='ocrx_word' id='word_1_262' title='bbox 628 2178 672 2223; x_wconf 87' lang='lat' dir='ltr'>soli</span> <span class='ocrx_word' id='word_1_263' title='bbox 727 2175 766 2224; x_wconf 75' lang='lat'>28.</span> <span class='ocrx_word' id='word_1_264' title='bbox 795 2177 922 2236; x_wconf 87' lang='lat' dir='ltr'>Perpende</span> <span class='ocrx_word' id='word_1_265' title='bbox 940 2175 1023 2223; x_wconf 88' lang='lat' dir='ltr'>antem</span> <span class='ocrx_word' id='word_1_266' title='bbox 1043 2168 1176 2235; x_wconf 82' lang='lat' dir='ltr'>parricidas</span> <span class='ocrx_word' id='word_1_267' title='bbox 1193 2183 1228 2221; x_wconf 70' lang='lat' dir='ltr'>re</span> 
     </span>
     <span class='ocr_line' id='line_1_28' title="bbox 141 2240 1227 2303; baseline 0.002 -15"><span class='ocrx_word' id='word_1_268' title='bbox 141 2240 247 2299; x_wconf 83' lang='lat' dir='ltr'>quadan</span> <span class='ocrx_word' id='word_1_269' title='bbox 264 2241 422 2293; x_wconf 86' lang='lat' dir='ltr'>damnatione</span> <span class='ocrx_word' id='word_1_270' title='bbox 432 2242 573 2290; x_wconf 89' lang='lat' dir='ltr'>ostenderet</span> <span class='ocrx_word' id='word_1_271' title='bbox 582 2246 673 2303; x_wconf 81' lang='lat' dir='ltr'>quanta</span> <span class='ocrx_word' id='word_1_272' title='bbox 697 2241 854 2302; x_wconf 86' lang='lat' dir='ltr'>sponsionem</span> <span class='ocrx_word' id='word_1_273' title='bbox 865 2245 983 2301; x_wconf 74' lang='lat' dir='ltr'>silencio,</span> <span class='ocrx_word' id='word_1_274' title='bbox 1005 2243 1087 2301; x_wconf 85' lang='lat' dir='ltr'>inquit</span> <span class='ocrx_word' id='word_1_275' title='bbox 1098 2255 1107 2300; x_wconf 86' lang='lat'><em>3</em></span> <span class='ocrx_word' id='word_1_276' title='bbox 1118 2241 1227 2302; x_wconf 68' lang='lat' dir='ltr'>namneti</span> 
     </span>
     <span class='ocr_line' id='line_1_29' title="bbox 141 2307 1226 2372; baseline 0.002 -17"><span class='ocrx_word' id='word_1_277' title='bbox 141 2308 224 2356; x_wconf 86' lang='lat' dir='ltr'>essent</span> <span class='ocrx_word' id='word_1_278' title='bbox 234 2307 317 2356; x_wconf 82' lang='lat' dir='ltr'>futura</span> <span class='ocrx_word' id='word_1_279' title='bbox 324 2309 445 2370; x_wconf 86' lang='lat' dir='ltr'>supplicia</span> <span class='ocrx_word' id='word_1_280' title='bbox 454 2311 673 2371; x_wconf 75' lang='lat' dir='ltr'>noxioruml‘rop·</span> <span class='ocrx_word' id='word_1_281' title='bbox 697 2314 771 2359; x_wconf 77' lang='lat' dir='ltr'>nestor</span> <span class='ocrx_word' id='word_1_282' title='bbox 780 2311 864 2370; x_wconf 77' lang='lat' dir='ltr'>fratria</span> <span class='ocrx_word' id='word_1_283' title='bbox 876 2313 923 2359; x_wconf 82' lang='lat' dir='ltr'>naci</span> <span class='ocrx_word' id='word_1_284' title='bbox 933 2323 973 2372; x_wconf 76' lang='lat' dir='ltr'>coo</span> <span class='ocrx_word' id='word_1_285' title='bbox 987 2325 1040 2360; x_wconf 84' lang='lat' dir='ltr'>enm</span> <span class='ocrx_word' id='word_1_286' title='bbox 1049 2310 1062 2357; x_wconf 78' lang='lat' dir='ltr'>t</span> <span class='ocrx_word' id='word_1_287' title='bbox 1072 2312 1101 2358; x_wconf 84' lang='lat' dir='ltr'>Et</span> <span class='ocrx_word' id='word_1_288' title='bbox 1112 2310 1135 2358; x_wconf 89' lang='lat' dir='ltr'>si</span> <span class='ocrx_word' id='word_1_289' title='bbox 1145 2310 1226 2358; x_wconf 77' lang='lat' dir='ltr'>conm-</span> 
     </span>
     <span class='ocr_line' id='line_1_30' title="bbox 140 2373 1225 2440; baseline 0.003 -18"><span class='ocrx_word' id='word_1_290' title='bbox 140 2375 181 2423; x_wconf 92' lang='lat' dir='ltr'>ter</span> <span class='ocrx_word' id='word_1_291' title='bbox 194 2378 274 2425; x_wconf 85' lang='lat' dir='ltr'>scelm</span> <span class='ocrx_word' id='word_1_292' title='bbox 284 2377 360 2436; x_wconf 73' lang='lat' dir='ltr'>igitur</span> <span class='ocrx_word' id='word_1_293' title='bbox 370 2378 497 2427; x_wconf 83' lang='lat' dir='ltr'>hominum</span> <span class='ocrx_word' id='word_1_294' title='bbox 512 2379 537 2427; x_wconf 90' lang='lat' dir='ltr'>et</span> <span class='ocrx_word' id='word_1_295' title='bbox 552 2380 604 2440; x_wconf 85' lang='lat' dir='ltr'>ipsa</span> <span class='ocrx_word' id='word_1_296' title='bbox 621 2382 673 2428; x_wconf 92' lang='lat' dir='ltr'>ele·</span> <span class='ocrx_word' id='word_1_297' title='bbox 696 2379 800 2426; x_wconf 88' lang='lat' dir='ltr'>maclam</span> <span class='ocrx_word' id='word_1_298' title='bbox 810 2379 898 2439; x_wconf 89' lang='lat' dir='ltr'>prodat</span> <span class='ocrx_word' id='word_1_299' title='bbox 906 2379 947 2426; x_wconf 88' lang='lat' dir='ltr'>lric</span> <span class='ocrx_word' id='word_1_300' title='bbox 959 2390 1054 2437; x_wconf 87' lang='lat' dir='ltr'>sermo,</span> <span class='ocrx_word' id='word_1_301' title='bbox 1066 2373 1138 2433; x_wconf 81' lang='lat' dir='ltr'>&#39;sonat</span> <span class='ocrx_word' id='word_1_302' title='bbox 1147 2378 1225 2426; x_wconf 85' lang='lat' dir='ltr'>tamen</span> 
     </span>
     <span class='ocr_line' id='line_1_31' title="bbox 140 2444 1225 2507; baseline 0.003 -17"><span class='ocrx_word' id='word_1_303' title='bbox 140 2444 225 2492; x_wconf 90' lang='lat' dir='ltr'>menta</span> <span class='ocrx_word' id='word_1_304' title='bbox 233 2445 506 2507; x_wconf 81' lang='lat' dir='ltr'>damnantur.llenlqno</span> <span class='ocrx_word' id='word_1_305' title='bbox 517 2448 596 2495; x_wconf 78' lang='lat' dir='ltr'>David</span> <span class='ocrx_word' id='word_1_306' title='bbox 603 2461 672 2496; x_wconf 90' lang='lat' dir='ltr'>mon-</span> <span class='ocrx_word' id='word_1_307' title='bbox 696 2448 754 2507; x_wconf 83' lang='lat' dir='ltr'>qnia</span> <span class='ocrx_word' id='word_1_308' title='bbox 773 2447 901 2494; x_wconf 85' lang='lat' dir='ltr'>sibonum</span> <span class='ocrx_word' id='word_1_309' title='bbox 920 2446 1021 2494; x_wconf 73' lang='lat' dir='ltr'>matrem</span> <span class='ocrx_word' id='word_1_310' title='bbox 1029 2444 1225 2506; x_wconf 67' lang='lat' dir='ltr'>considerasset,</span> 
     </span>
     <span class='ocr_line' id='line_1_32' title="bbox 139 2510 1226 2577; baseline 0.004 -21"><span class='ocrx_word' id='word_1_311' title='bbox 139 2510 222 2571; x_wconf 84' lang='lat' dir='ltr'>tibus,</span> <span class='ocrx_word' id='word_1_312' title='bbox 239 2512 267 2559; x_wconf 86' lang='lat' dir='ltr'>i&#39;n</span> <span class='ocrx_word' id='word_1_313' title='bbox 283 2514 375 2572; x_wconf 83' lang='lat' dir='ltr'>quidm</span> <span class='ocrx_word' id='word_1_314' title='bbox 393 2514 510 2562; x_wconf 84' lang='lat' dir='ltr'>lonatnas</span> <span class='ocrx_word' id='word_1_315' title='bbox 527 2528 584 2563; x_wconf 90' lang='lat' dir='ltr'>cnm</span> <span class='ocrx_word' id='word_1_316' title='bbox 602 2518 671 2577; x_wconf 86' lang='lat' dir='ltr'>patre</span> <span class='ocrx_word' id='word_1_317' title='bbox 696 2516 777 2564; x_wconf 88' lang='lat' dir='ltr'>custos</span> <span class='ocrx_word' id='word_1_318' title='bbox 789 2516 874 2563; x_wconf 89' lang='lat' dir='ltr'>debuit</span> <span class='ocrx_word' id='word_1_319' title='bbox 885 2527 937 2562; x_wconf 89' lang='lat' dir='ltr'>esse</span> <span class='ocrx_word' id='word_1_320' title='bbox 952 2514 1061 2574; x_wconf 86' lang='lat' dir='ltr'>pietatis.</span> <span class='ocrx_word' id='word_1_321' title='bbox 1071 2515 1154 2572; x_wconf 82' lang='lat' dir='ltr'>Quem</span> <span class='ocrx_word' id='word_1_322' title='bbox 1165 2513 1226 2562; x_wconf 87' lang='lat' dir='ltr'>enim</span> 
     </span>
     <span class='ocr_line' id='line_1_33' title="bbox 139 2577 1228 2649; baseline 0.004 -26"><span class='ocrx_word' id='word_1_323' title='bbox 139 2577 287 2626; x_wconf 87' lang='lat' dir='ltr'>interemtus</span> <span class='ocrx_word' id='word_1_324' title='bbox 297 2580 346 2639; x_wconf 91' lang='lat' dir='ltr'>est,</span> <span class='ocrx_word' id='word_1_325' title='bbox 356 2582 482 2641; x_wconf 74' lang='lat' dir='ltr'>perpetum</span> <span class='ocrx_word' id='word_1_326' title='bbox 495 2595 592 2641; x_wconf 90' lang='lat' dir='ltr'>poenam</span> <span class='ocrx_word' id='word_1_327' title='bbox 601 2585 672 2632; x_wconf 89' lang='lat' dir='ltr'>steri·</span> <span class='ocrx_word' id='word_1_328' title='bbox 696 2584 773 2644; x_wconf 73' lang='lat' dir='ltr'>magis</span> <span class='ocrx_word' id='word_1_329' title='bbox 783 2596 857 2644; x_wconf 83' lang='lat' dir='ltr'>qnam</span> <span class='ocrx_word' id='word_1_330' title='bbox 868 2582 969 2631; x_wconf 82' lang='lat' dir='ltr'>tratrem</span> <span class='ocrx_word' id='word_1_331' title='bbox 982 2594 1082 2649; x_wconf 84' lang='lat' dir='ltr'>servare</span> <span class='ocrx_word' id='word_1_332' title='bbox 1093 2578 1228 2630; x_wconf 75' lang='lat' dir='ltr'>deonerati</span> 
     </span>
     <span class='ocr_line' id='line_1_34' title="bbox 92 2643 1225 2711; baseline 0.006 -21"><span class='ocrx_word' id='word_1_333' title='bbox 92 2668 96 2677; x_wconf 79' lang='lat'><em>-</em></span> <span class='ocrx_word' id='word_1_334' title='bbox 140 2643 219 2693; x_wconf 91' lang='lat' dir='ltr'>litatis</span> <span class='ocrx_word' id='word_1_335' title='bbox 234 2646 328 2707; x_wconf 80' lang='lat' dir='ltr'>optarit</span> <span class='ocrx_word' id='word_1_336' title='bbox 341 2647 426 2696; x_wconf 88' lang='lat' dir='ltr'>dicens</span> <span class='ocrx_word' id='word_1_337' title='bbox 439 2661 446 2695; x_wconf 75' lang='grc' dir='ltr'><strong><em>ε</em></strong></span> <span class='ocrx_word' id='word_1_338' title='bbox 459 2651 547 2700; x_wconf 81' lang='lat' dir='ltr'>Montes</span> <span class='ocrx_word' id='word_1_339' title='bbox 563 2654 604 2711; x_wconf 80' lang='lat' dir='ltr'>qut</span> <span class='ocrx_word' id='word_1_340' title='bbox 620 2656 672 2702; x_wconf 83' lang='lat' dir='ltr'>estio</span> <span class='ocrx_word' id='word_1_341' title='bbox 688 2651 743 2698; x_wconf 41' lang='lat' dir='ltr'>,sed</span> <span class='ocrx_word' id='word_1_342' title='bbox 751 2651 871 2711; x_wconf 81' lang='lat' dir='ltr'>quomodo</span> <span class='ocrx_word' id='word_1_343' title='bbox 878 2649 1048 2710; x_wconf 73' lang='lat' dir='ltr'>germanitatis</span> <span class='ocrx_word' id='word_1_344' title='bbox 1055 2645 1170 2699; x_wconf 74' lang='lat' dir='ltr'>servaret</span> <span class='ocrx_word' id='word_1_345' title='bbox 1177 2650 1225 2699; x_wconf 87' lang='lat' dir='ltr'>olil-</span> 
     </span>
     <span class='ocr_line' id='line_1_35' title="bbox 139 2713 1226 2780; baseline 0.006 -21"><span class='ocrx_word' id='word_1_346' title='bbox 139 2713 167 2759; x_wconf 84' lang='lat' dir='ltr'>a‘n</span> <span class='ocrx_word' id='word_1_347' title='bbox 177 2713 260 2761; x_wconf 84' lang='lat' dir='ltr'>Geldoe</span> <span class='ocrx_word' id='word_1_348' title='bbox 266 2747 274 2772; x_wconf 96' lang='lat'><strong><em>,</em></strong></span> <span class='ocrx_word' id='word_1_349' title='bbox 285 2728 358 2775; x_wconf 79' lang='lat' dir='ltr'>neone</span> <span class='ocrx_word' id='word_1_350' title='bbox 367 2730 416 2776; x_wconf 85' lang='lat' dir='ltr'>roe,</span> <span class='ocrx_word' id='word_1_351' title='bbox 426 2730 499 2777; x_wconf 79' lang='lat' dir='ltr'>neone</span> <span class='ocrx_word' id='word_1_352' title='bbox 508 2720 588 2780; x_wconf 74' lang='lat' dir='ltr'>pineto</span> <span class='ocrx_word' id='word_1_353' title='bbox 603 2723 671 2770; x_wconf 87' lang='lat' dir='ltr'>codol</span> <span class='ocrx_word' id='word_1_354' title='bbox 696 2718 823 2778; x_wconf 85' lang='lat' dir='ltr'>cinm‚qni</span> <span class='ocrx_word' id='word_1_355' title='bbox 833 2719 1024 2766; x_wconf 89' lang='lat' dir='ltr'>necessitudinis</span> <span class='ocrx_word' id='word_1_356' title='bbox 1032 2731 1084 2766; x_wconf 93' lang='lat' dir='ltr'>non</span> <span class='ocrx_word' id='word_1_357' title='bbox 1089 2719 1226 2778; x_wconf 75' lang='lat' dir='ltr'>agnovisset</span> 
     </span>
     <span class='ocr_line' id='line_1_36' title="bbox 139 2786 1226 2854; baseline 0.005 -25"><span class='ocrx_word' id='word_1_358' title='bbox 139 2787 471 2843; x_wconf 77' lang='lat' dir='ltr'>snperaoa,anontesmortio.</span> <span class='ocrx_word' id='word_1_359' title='bbox 695 2786 885 2834; x_wconf 73' lang='lat' dir='ltr'>adeotumtitut</span> <span class='ocrx_word' id='word_1_360' title='bbox 896 2788 1018 2847; x_wconf 90' lang='lat' dir='ltr'>quomodo</span> <span class='ocrx_word' id='word_1_361' title='bbox 1029 2787 1085 2854; x_wconf 80' lang='lat' dir='ltr'>lieri</span> <span class='ocrx_word' id='word_1_362' title='bbox 1092 2787 1226 2846; x_wconf 87' lang='lat' dir='ltr'>posset‚ut</span> 
     </span>
     <span class='ocr_line' id='line_1_37' title="bbox 353 2850 1227 2916; baseline 0.005 -18"><span class='ocrx_word' id='word_1_363' title='bbox 353 2875 445 2888; x_wconf 90' lang='lat'>-—</span> <span class='ocrx_word' id='word_1_364' title='bbox 694 2854 787 2902; x_wconf 83' lang='lat' dir='ltr'>natnrae</span> <span class='ocrx_word' id='word_1_365' title='bbox 804 2854 970 2902; x_wconf 74' lang='lat' dir='ltr'>obedientiam</span> <span class='ocrx_word' id='word_1_366' title='bbox 988 2850 1110 2915; x_wconf 79' lang='lat' dir='ltr'>deterret,</span> <span class='ocrx_word' id='word_1_367' title='bbox 1119 2855 1165 2916; x_wconf 80' lang='lat' dir='ltr'>qrri</span> <span class='ocrx_word' id='word_1_368' title='bbox 1177 2856 1227 2902; x_wconf 74' lang='lat' dir='ltr'>lieo</span> 
     </span>
    </p>
   </div>
   <div class='ocr_carea' id='block_1_3' title="bbox 302 2912 1226 2984">
    <p class='ocr_par' dir='ltr' id='par_1_3' title="bbox 302 2912 1226 2984">
     <span class='ocr_line' id='line_1_38' title="bbox 302 2912 1226 2984; baseline 0.008 -20"><span class='ocrx_word' id='word_1_369' title='bbox 302 2925 429 2984; x_wconf 60' lang='lat' dir='ltr'>CAPUT</span> <span class='ocrx_word' id='word_1_370' title='bbox 447 2935 501 2984; x_wconf 49' lang='grc' dir='ltr'>Ιχ,</span> <span class='ocrx_word' id='word_1_371' title='bbox 694 2912 858 2969; x_wconf 77' lang='lat' dir='ltr'>reverentiam</span> <span class='ocrx_word' id='word_1_372' title='bbox 870 2919 1226 2983; x_wconf 68' lang='lat' dir='ltr'>nonexhiberetlllegatprl·</span> 
     </span>
    </p>
   </div>
   <div class='ocr_carea' id='block_1_4' title="bbox 139 2988 1227 3104">
    <p class='ocr_par' dir='ltr' id='par_1_4' title="bbox 139 2988 1227 3104">
     <span class='ocr_line' id='line_1_39' title="bbox 139 2988 1227 3104; baseline 0.006 -40"><span class='ocrx_word' id='word_1_373' title='bbox 139 3025 211 3064; x_wconf 83' lang='lat' dir='ltr'>Denm</span> <span class='ocrx_word' id='word_1_374' title='bbox 217 3026 358 3076; x_wconf 66' lang='lat' dir='ltr'>interrogasse</span> <span class='ocrx_word' id='word_1_375' title='bbox 366 3030 472 3078; x_wconf 64' lang='lat' dir='ltr'>cainum</span> <span class='ocrx_word' id='word_1_376' title='bbox 481 3042 523 3069; x_wconf 87' lang='lat' dir='ltr'>non</span> <span class='ocrx_word' id='word_1_377' title='bbox 533 3032 669 3080; x_wconf 71' lang='lat' dir='ltr'>aldionem,</span> <span class='ocrx_word' id='word_1_378' title='bbox 688 2988 1101 3104; x_wconf 46' lang='lat' dir='ltr'>,ssxtfflgaguffiiufflffltem</span> <span class='ocrx_word' id='word_1_379' title='bbox 1112 3002 1120 3035; x_wconf 45' lang='grc' dir='ltr'>ἓ</span> <span class='ocrx_word' id='word_1_380' title='bbox 1132 2990 1227 3039; x_wconf 56' lang='lat' dir='ltr'>mum</span> 
     </span>
    </p>
   </div>
   <div class='ocr_carea' id='block_1_5' title="bbox 160 3059 1240 3188">
    <p class='ocr_par' dir='ltr' id='par_1_5' title="bbox 160 3059 1240 3188">
     <span class='ocr_line' id='line_1_40' title="bbox 160 3059 1226 3125; baseline 0.008 -8"><span class='ocrx_word' id='word_1_381' title='bbox 160 3079 230 3118; x_wconf 81' lang='lat' dir='ltr'>aedui</span> <span class='ocrx_word' id='word_1_382' title='bbox 237 3091 288 3118; x_wconf 86' lang='lat' dir='ltr'>enm</span> <span class='ocrx_word' id='word_1_383' title='bbox 299 3082 326 3118; x_wconf 84' lang='lat' dir='ltr'>ad</span> <span class='ocrx_word' id='word_1_384' title='bbox 334 3080 484 3122; x_wconf 79' lang='lat' dir='ltr'>confitendum</span> <span class='ocrx_word' id='word_1_385' title='bbox 492 3085 612 3125; x_wconf 82' lang='lat' dir='ltr'>induceret.</span> <span class='ocrx_word' id='word_1_386' title='bbox 624 3088 670 3125; x_wconf 85' lang='lat' dir='ltr'>llu-</span> <span class='ocrx_word' id='word_1_387' title='bbox 1043 3059 1134 3118; x_wconf 57' lang='lat' dir='ltr'><strong>’qum</strong></span> <span class='ocrx_word' id='word_1_388' title='bbox 1145 3069 1226 3106; x_wconf 57' lang='grc' dir='ltr'>ΨΜ</span> 
     </span>
     <span class='ocr_line' id='line_1_41' title="bbox 160 3120 1240 3188; baseline 0.005 -19"><span class='ocrx_word' id='word_1_389' title='bbox 160 3130 196 3177; x_wconf 73' lang='lat' dir='ltr'>jus</span> <span class='ocrx_word' id='word_1_390' title='bbox 208 3133 314 3181; x_wconf 70' lang='lat' dir='ltr'>msponno</span> <span class='ocrx_word' id='word_1_391' title='bbox 323 3134 346 3172; x_wconf 73' lang='lat' dir='ltr'>sn</span> <span class='ocrx_word' id='word_1_392' title='bbox 360 3135 431 3173; x_wconf 62' lang='lat' dir='ltr'>nsum</span> <span class='ocrx_word' id='word_1_393' title='bbox 444 3142 579 3187; x_wconf 70' lang='lat' dir='ltr'>donaturam</span> <span class='ocrx_word' id='word_1_394' title='bbox 592 3142 668 3188; x_wconf 49' lang='lat' dir='ltr'>impin</span> <span class='ocrx_word' id='word_1_395' title='bbox 692 3125 802 3171; x_wconf 73' lang='lat' dir='ltr'>natureae</span> <span class='ocrx_word' id='word_1_396' title='bbox 814 3124 924 3172; x_wconf 87' lang='lat' dir='ltr'>declinat</span> <span class='ocrx_word' id='word_1_397' title='bbox 941 3120 1066 3184; x_wconf 82' lang='lat' dir='ltr'>jndicem,</span> <span class='ocrx_word' id='word_1_398' title='bbox 1078 3128 1151 3186; x_wconf 83' lang='lat' dir='ltr'>quast</span> <span class='ocrx_word' id='word_1_399' title='bbox 1165 3127 1240 3174; x_wconf 67' lang='lat' dir='ltr'>liber*</span> 
     </span>
    </p>
   </div>
   <div class='ocr_carea' id='block_1_6' title="bbox 161 3181 1226 3253">
    <p class='ocr_par' dir='ltr' id='par_1_6' title="bbox 161 3181 1226 3253">
     <span class='ocr_line' id='line_1_42' title="bbox 161 3181 1226 3253; baseline 0.023 -33"><span class='ocrx_word' id='word_1_400' title='bbox 161 3181 224 3230; x_wconf 82' lang='lat' dir='ltr'>eique</span> <span class='ocrx_word' id='word_1_401' title='bbox 241 3185 333 3233; x_wconf 78' lang='lat' dir='ltr'>opposita</span> <span class='ocrx_word' id='word_1_402' title='bbox 347 3187 386 3224; x_wconf 87' lang='lat' dir='ltr'>Dei</span> <span class='ocrx_word' id='word_1_403' title='bbox 400 3185 669 3238; x_wconf 74' lang='lat' dir='ltr'>responsio-germanitalis</span> <span class='ocrx_word' id='word_1_404' title='bbox 693 3192 798 3241; x_wconf 81' lang='lat' dir='ltr'>arbitrii.</span> <span class='ocrx_word' id='word_1_405' title='bbox 809 3193 874 3251; x_wconf 79' lang='lat' dir='ltr'>Quid</span> <span class='ocrx_word' id='word_1_406' title='bbox 890 3192 988 3241; x_wconf 76' lang='lat' dir='ltr'>miraris</span> <span class='ocrx_word' id='word_1_407' title='bbox 1004 3194 1024 3240; x_wconf 79' lang='lat' dir='ltr'>sl</span> <span class='ocrx_word' id='word_1_408' title='bbox 1039 3194 1162 3253; x_wconf 70' lang='lat' dir='ltr'>pietatem</span> <span class='ocrx_word' id='word_1_409' title='bbox 1179 3208 1226 3244; x_wconf 83' lang='lat' dir='ltr'>noll</span> 
     </span>
    </p>
   </div>
   <div class='ocr_carea' id='block_1_7' title="bbox 158 3241 1227 3344">
    <p class='ocr_par' dir='ltr' id='par_1_7' title="bbox 158 3241 1227 3344">
     <span class='ocr_line' id='line_1_43' title="bbox 158 3241 1227 3344; baseline 0.007 -41"><span class='ocrx_word' id='word_1_410' title='bbox 158 3241 668 3344; x_wconf 37' lang='lat' dir='ltr'>ffiffidfgfflffldfffigjffflffi&amp;2⁰¹</span> <span class='ocrx_word' id='word_1_411' title='bbox 693 3261 801 3319; x_wconf 78' lang='lat' dir='ltr'>agnovit,</span> <span class='ocrx_word' id='word_1_412' title='bbox 811 3261 855 3321; x_wconf 87' lang='lat' dir='ltr'>qui</span> <span class='ocrx_word' id='word_1_413' title='bbox 869 3273 918 3308; x_wconf 90' lang='lat' dir='ltr'>non</span> <span class='ocrx_word' id='word_1_414' title='bbox 932 3261 1030 3321; x_wconf 68' lang='lat' dir='ltr'>agnovit</span> <span class='ocrx_word' id='word_1_415' title='bbox 1040 3265 1170 3310; x_wconf 89' lang='lat' dir='ltr'>auctorem</span> <span class='ocrx_word' id='word_1_416' title='bbox 1180 3262 1227 3310; x_wconf 81' lang='lat' dir='ltr'><strong>llit</strong></span> 
     </span>
    </p>
   </div>
   <div class='ocr_carea' id='block_1_8' title="bbox 160 3327 1226 3455">
    <p class='ocr_par' dir='ltr' id='par_1_8' title="bbox 160 3327 1226 3455">
     <span class='ocr_line' id='line_1_44' title="bbox 160 3327 1226 3396; baseline 0.011 -28"><span class='ocrx_word' id='word_1_417' title='bbox 160 3341 182 3380; x_wconf 81' lang='lat' dir='ltr'>ei</span> <span class='ocrx_word' id='word_1_418' title='bbox 197 3343 314 3391; x_wconf 37' lang='lat' dir='ltr'>muer</span> <span class='ocrx_word' id='word_1_419' title='bbox 331 3342 450 3394; x_wconf 54' lang='lat' dir='ltr'>mmm</span> <span class='ocrx_word' id='word_1_420' title='bbox 467 3350 550 3396; x_wconf 78' lang='lat' dir='ltr'>mortui</span> <span class='ocrx_word' id='word_1_421' title='bbox 566 3353 614 3391; x_wconf 80' lang='lat' dir='ltr'>sint.</span> <span class='ocrx_word' id='word_1_422' title='bbox 627 3353 669 3391; x_wconf 80' lang='lat' dir='ltr'>nos</span> <span class='ocrx_word' id='word_1_423' title='bbox 693 3327 749 3375; x_wconf 92' lang='lat' dir='ltr'>ideo</span> <span class='ocrx_word' id='word_1_424' title='bbox 771 3329 866 3377; x_wconf 89' lang='lat' dir='ltr'>doceris</span> <span class='ocrx_word' id='word_1_425' title='bbox 891 3329 938 3376; x_wconf 86' lang='lat' dir='ltr'>lrao</span> <span class='ocrx_word' id='word_1_426' title='bbox 956 3329 1023 3376; x_wconf 88' lang='lat' dir='ltr'>serie</span> <span class='ocrx_word' id='word_1_427' title='bbox 1043 3329 1226 3390; x_wconf 83' lang='lat' dir='ltr'>Scripturarum</span> 
     </span>
     <span class='ocr_line' id='line_1_45' title="bbox 160 3395 1225 3455; baseline 0.012 -21"><span class='ocrx_word' id='word_1_428' title='bbox 160 3398 300 3445; x_wconf 68' lang='lat' dir='ltr'>praecimus</span> <span class='ocrx_word' id='word_1_429' title='bbox 313 3397 434 3439; x_wconf 69' lang='lat' dir='ltr'>scrutaris</span> <span class='ocrx_word' id='word_1_430' title='bbox 445 3405 552 3451; x_wconf 75' lang='lat' dir='ltr'>cruciari,</span> <span class='ocrx_word' id='word_1_431' title='bbox 561 3407 627 3455; x_wconf 65' lang='lat' dir='ltr'>mage</span> <span class='ocrx_word' id='word_1_432' title='bbox 636 3411 670 3445; x_wconf 80' lang='lat' dir='ltr'>ta·</span> <span class='ocrx_word' id='word_1_433' title='bbox 692 3395 765 3442; x_wconf 83' lang='lat' dir='ltr'>fidem</span> <span class='ocrx_word' id='word_1_434' title='bbox 783 3409 835 3444; x_wconf 89' lang='lat' dir='ltr'>osso</span> <span class='ocrx_word' id='word_1_435' title='bbox 853 3396 961 3443; x_wconf 88' lang='lat' dir='ltr'>radicem</span> <span class='ocrx_word' id='word_1_436' title='bbox 972 3396 1094 3445; x_wconf 83' lang='lat' dir='ltr'>virtutum</span> <span class='ocrx_word' id='word_1_437' title='bbox 1103 3399 1225 3447; x_wconf 88' lang='lat' dir='ltr'>omnium.</span> 
     </span>
    </p>
   </div>
   <div class='ocr_carea' id='block_1_9' title="bbox 145 3452 1225 3599">
    <p class='ocr_par' dir='ltr' id='par_1_9' title="bbox 145 3452 1225 3599">
     <span class='ocr_line' id='line_1_46' title="bbox 145 3452 1225 3526; baseline 0.022 -35"><span class='ocrx_word' id='word_1_438' title='bbox 145 3465 148 3469; x_wconf 95' lang='lat'>·</span> <span class='ocrx_word' id='word_1_439' title='bbox 159 3461 212 3490; x_wconf 82' lang='lat' dir='ltr'>meu</span> <span class='ocrx_word' id='word_1_440' title='bbox 220 3452 331 3492; x_wconf 72' lang='lat' dir='ltr'>minutati</span> <span class='ocrx_word' id='word_1_441' title='bbox 339 3455 486 3514; x_wconf 73' lang='lat' dir='ltr'>presentibus.</span> <span class='ocrx_word' id='word_1_442' title='bbox 693 3464 761 3511; x_wconf 90' lang='lat' dir='ltr'>Unde</span> <span class='ocrx_word' id='word_1_443' title='bbox 773 3465 797 3511; x_wconf 93' lang='lat' dir='ltr'>et</span> <span class='ocrx_word' id='word_1_444' title='bbox 808 3465 936 3525; x_wconf 71' lang='lat' dir='ltr'>Apostolus</span> <span class='ocrx_word' id='word_1_445' title='bbox 948 3465 983 3512; x_wconf 89' lang='lat' dir='ltr'>ait</span> <span class='ocrx_word' id='word_1_446' title='bbox 993 3478 1000 3512; x_wconf 74' lang='grc' dir='ltr'><strong><em>ε</em></strong></span> <span class='ocrx_word' id='word_1_447' title='bbox 1012 3467 1073 3526; x_wconf 85' lang='lat' dir='ltr'>Qnio</span> <span class='ocrx_word' id='word_1_448' title='bbox 1082 3467 1225 3525; x_wconf 68' lang='lat' dir='ltr'>{nomomen-</span> 
     </span>
     <span class='ocr_line' id='line_1_47' title="bbox 166 3529 1225 3599; baseline 0.008 -23"><span class='ocrx_word' id='word_1_449' title='bbox 166 3529 207 3579; x_wconf 77' lang='lat'>27.</span> <span class='ocrx_word' id='word_1_450' title='bbox 221 3532 294 3595; x_wconf 68' lang='lat' dir='ltr'>Nurac</span> <span class='ocrx_word' id='word_1_451' title='bbox 313 3534 495 3584; x_wconf 72' lang='lat' dir='ltr'>consideremus</span> <span class='ocrx_word' id='word_1_452' title='bbox 510 3551 558 3598; x_wconf 78' lang='lat' dir='ltr'>qua</span> <span class='ocrx_word' id='word_1_453' title='bbox 574 3540 668 3590; x_wconf 61' lang='lat' dir='ltr'>ratione</span> <span class='ocrx_word' id='word_1_454' title='bbox 693 3533 742 3578; x_wconf 89' lang='lat' dir='ltr'>tnm</span> <span class='ocrx_word' id='word_1_455' title='bbox 759 3535 866 3581; x_wconf 81' lang='lat' dir='ltr'>nostrum</span> <span class='ocrx_word' id='word_1_456' title='bbox 882 3534 987 3599; x_wconf 75' lang='lat' dir='ltr'>Christos</span> <span class='ocrx_word' id='word_1_457' title='bbox 1002 3537 1049 3593; x_wconf 80' lang='lat' dir='ltr'>est3</span> <span class='ocrx_word' id='word_1_458' title='bbox 1062 3535 1090 3582; x_wconf 87' lang='lat' dir='ltr'>et</span> <span class='ocrx_word' id='word_1_459' title='bbox 1104 3535 1225 3597; x_wconf 82' lang='lat' dir='ltr'>quidquid</span> 
     </span>
    </p>
   </div>
   <div class='ocr_carea' id='block_1_10' title="bbox 69 3596 1225 3663">
    <p class='ocr_par' dir='ltr' id='par_1_10' title="bbox 69 3596 1225 3663">
     <span class='ocr_line' id='line_1_48' title="bbox 69 3596 1225 3663; baseline 0.016 -18"><span class='ocrx_word' id='word_1_460' title='bbox 69 3596 73 3601; x_wconf 88' lang='lat'>&#39;</span> <span class='ocrx_word' id='word_1_461' title='bbox 136 3597 298 3658; x_wconf 70' lang='lat' dir='ltr'>interrogavit</span> <span class='ocrx_word' id='word_1_462' title='bbox 308 3602 375 3650; x_wconf 84' lang='lat' dir='ltr'>Deus</span> <span class='ocrx_word' id='word_1_463' title='bbox 384 3603 443 3651; x_wconf 83' lang='lat' dir='ltr'>Cain</span> <span class='ocrx_word' id='word_1_464' title='bbox 453 3605 497 3652; x_wconf 87' lang='lat' dir='ltr'>ubi</span> <span class='ocrx_word' id='word_1_465' title='bbox 512 3607 577 3654; x_wconf 88' lang='lat' dir='ltr'>esset</span> <span class='ocrx_word' id='word_1_466' title='bbox 592 3608 669 3658; x_wconf 84' lang='lat' dir='ltr'>irater</span> <span class='ocrx_word' id='word_1_467' title='bbox 692 3611 766 3658; x_wconf 62' lang='lat' dir='ltr'><strong>sulla</strong></span> <span class='ocrx_word' id='word_1_468' title='bbox 781 3600 828 3648; x_wconf 76' lang='lat'><strong>¹¹⁰⁰</strong></span> <span class='ocrx_word' id='word_1_469' title='bbox 846 3600 1035 3649; x_wconf 58' lang='lat' dir='ltr'>fundamentum</span> <span class='ocrx_word' id='word_1_470' title='bbox 1050 3601 1225 3663; x_wconf 61' lang='grc' dir='ltr'>ὃθᾱῑῧῦθῖθῐῗθι</span> 
     </span>
    </p>
   </div>
   <div class='ocr_carea' id='block_1_11' title="bbox 136 3667 1224 3800">
    <p class='ocr_par' dir='ltr' id='par_1_11' title="bbox 136 3667 1224 3800">
     <span class='ocr_line' id='line_1_49' title="bbox 136 3667 1224 3735; baseline 0.011 -23"><span class='ocrx_word' id='word_1_471' title='bbox 136 3679 205 3725; x_wconf 89' lang='lat' dir='ltr'>snus,</span> <span class='ocrx_word' id='word_1_472' title='bbox 217 3667 286 3726; x_wconf 80' lang='lat' dir='ltr'>quasi</span> <span class='ocrx_word' id='word_1_473' title='bbox 296 3669 403 3718; x_wconf 90' lang='lat' dir='ltr'>nesciret</span> <span class='ocrx_word' id='word_1_474' title='bbox 418 3673 535 3721; x_wconf 84' lang='lat' dir='ltr'>occisum.</span> <span class='ocrx_word' id='word_1_475' title='bbox 546 3675 592 3721; x_wconf 89' lang='lat' dir='ltr'>Sed</span> <span class='ocrx_word' id='word_1_476' title='bbox 604 3677 668 3735; x_wconf 89' lang='lat' dir='ltr'>qnod</span> <span class='ocrx_word' id='word_1_477' title='bbox 692 3667 738 3714; x_wconf 78' lang='lat'><strong>1¹⁰0</strong></span> <span class='ocrx_word' id='word_1_478' title='bbox 748 3669 827 3716; x_wconf 74' lang='lat' dir='ltr'>solum</span> <span class='ocrx_word' id='word_1_479' title='bbox 835 3670 866 3717; x_wconf 74' lang='lat' dir='ltr'>ad</span> <span class='ocrx_word' id='word_1_480' title='bbox 876 3671 959 3729; x_wconf 72' lang='lat' dir='ltr'>operis</span> <span class='ocrx_word' id='word_1_481' title='bbox 972 3669 1010 3717; x_wconf 74' lang='lat' dir='ltr'>illi</span> <span class='ocrx_word' id='word_1_482' title='bbox 1021 3669 1146 3731; x_wconf 76' lang='lat' dir='ltr'>fructum,</span> <span class='ocrx_word' id='word_1_483' title='bbox 1158 3673 1184 3721; x_wconf 81' lang='lat' dir='ltr'>et</span> <span class='ocrx_word' id='word_1_484' title='bbox 1195 3671 1224 3720; x_wconf 69' lang='lat' dir='ltr'>til</span> 
     </span>
     <span class='ocr_line' id='line_1_50' title="bbox 137 3731 1079 3800; baseline 0.018 -20"><span class='ocrx_word' id='word_1_485' title='bbox 137 3731 169 3780; x_wconf 82' lang='lat' dir='ltr'>ad</span> <span class='ocrx_word' id='word_1_486' title='bbox 179 3733 307 3781; x_wconf 88' lang='lat' dir='ltr'>scientiam</span> <span class='ocrx_word' id='word_1_487' title='bbox 316 3735 362 3783; x_wconf 89' lang='lat' dir='ltr'>Dei</span> <span class='ocrx_word' id='word_1_488' title='bbox 373 3738 477 3799; x_wconf 86' lang='lat' dir='ltr'>spectat,</span> <span class='ocrx_word' id='word_1_489' title='bbox 486 3743 618 3800; x_wconf 79' lang='lat' dir='ltr'>negantem</span> <span class='ocrx_word' id='word_1_490' title='bbox 629 3757 669 3790; x_wconf 86' lang='lat' dir='ltr'>ar·</span> <span class='ocrx_word' id='word_1_491' title='bbox 692 3735 918 3796; x_wconf 64' lang='lat' dir='ltr'>virtutis1¹¹⁰fi⁰ele</span> <span class='ocrx_word' id='word_1_492' title='bbox 928 3736 1079 3783; x_wconf 60' lang='lat' dir='ltr'>mercedem·</span> 
     </span>
    </p>
   </div>
   <div class='ocr_carea' id='block_1_12' title="bbox 135 3800 1224 4029">
    <p class='ocr_par' dir='ltr' id='par_1_12' title="bbox 135 3800 1224 4029">
     <span class='ocr_line' id='line_1_51' title="bbox 136 3800 1224 3869; baseline 0.022 -25"><span class='ocrx_word' id='word_1_493' title='bbox 136 3800 666 3869; x_wconf 68' lang='lat' dir='ltr'>gun,etinficiantiquererensrosponrne</span> <span class='ocrx_word' id='word_1_494' title='bbox 722 3802 1224 3865; x_wconf 69' lang='lat' dir='ltr'>aocongrucrgnurrespononnominos</span> 
     </span>
     <span class='ocr_line' id='line_1_52' title="bbox 137 3868 1223 3932; baseline 0.015 -14"><span class='ocrx_word' id='word_1_495' title='bbox 137 3870 324 3929; x_wconf 69' lang='lat' dir='ltr'>roxeanouna</span> <span class='ocrx_word' id='word_1_496' title='bbox 334 3872 549 3930; x_wconf 63' lang='lat' dir='ltr'>caemcntum</span> <span class='ocrx_word' id='word_1_497' title='bbox 561 3879 667 3926; x_wconf 81' lang='lat' dir='ltr'>clamat.-</span> <span class='ocrx_word' id='word_1_498' title='bbox 692 3868 1041 3932; x_wconf 66' lang='lat' dir='ltr'>omrmpmoennrnegantn</span> <span class='ocrx_word' id='word_1_499' title='bbox 1052 3872 1157 3920; x_wconf 68' lang='lat' dir='ltr'>means:</span> <span class='ocrx_word' id='word_1_500' title='bbox 1171 3875 1223 3923; x_wconf 72' lang='lat' dir='ltr'>Vos</span> 
     </span>
     <span class='ocr_line' id='line_1_53' title="bbox 135 3936 1223 4029; baseline 0.016 -47"><span class='ocrx_word' id='word_1_501' title='bbox 135 3936 202 3996; x_wconf 86' lang='lat' dir='ltr'>quod</span> <span class='ocrx_word' id='word_1_502' title='bbox 228 3937 310 3984; x_wconf 88' lang='lat' dir='ltr'>aulem</span> <span class='ocrx_word' id='word_1_503' title='bbox 330 3938 361 3985; x_wconf 89' lang='lat' dir='ltr'>ad</span> <span class='ocrx_word' id='word_1_504' title='bbox 381 3939 503 3988; x_wconf 90' lang='lat' dir='ltr'>rationem</span> <span class='ocrx_word' id='word_1_505' title='bbox 524 3944 669 4002; x_wconf 81' lang='lat' dir='ltr'>profundam</span> <span class='ocrx_word' id='word_1_506' title='bbox 693 3945 1223 4029; x_wconf 61' lang='lat' dir='ltr'>W</span> 
     </span>
    </p>
   </div>
   <div class='ocr_carea' id='block_1_13' title="bbox 135 3980 1225 4072">
    <p class='ocr_par' dir='ltr' id='par_1_13' title="bbox 135 3980 1225 4072">
     <span class='ocr_line' id='line_1_54' title="bbox 135 3980 1225 4072; baseline 0 -19"><span class='ocrx_word' id='word_1_507' title='bbox 135 4005 240 4070; x_wconf 85' lang='lat' dir='ltr'>attinet,</span> <span class='ocrx_word' id='word_1_508' title='bbox 256 4007 386 4068; x_wconf 87' lang='lat' dir='ltr'>peccantes</span> <span class='ocrx_word' id='word_1_509' title='bbox 403 4006 518 4058; x_wconf 88' lang='lat' dir='ltr'>admonet</span> <span class='ocrx_word' id='word_1_510' title='bbox 535 4011 566 4058; x_wconf 90' lang='lat' dir='ltr'>ad</span> <span class='ocrx_word' id='word_1_511' title='bbox 586 4015 668 4072; x_wconf 87' lang='lat' dir='ltr'>poeni·</span> <span class='ocrx_word' id='word_1_512' title='bbox 693 4030 810 4070; x_wconf 63' lang='lat' dir='ltr'>ermetem</span> <span class='ocrx_word' id='word_1_513' title='bbox 939 3991 1044 4028; x_wconf 49' lang='grc' dir='ltr'>ΝΜ</span> <span class='ocrx_word' id='word_1_514' title='bbox 1059 3992 1072 4019; x_wconf 71' lang='lat'><em>³</em></span> <span class='ocrx_word' id='word_1_515' title='bbox 1086 3991 1106 4020; x_wconf 72' lang='lat'>⁵⁰</span> <span class='ocrx_word' id='word_1_516' title='bbox 1117 3980 1142 4018; x_wconf 73' lang='lat'>¹¹¹</span> <span class='ocrx_word' id='word_1_517' title='bbox 1156 3981 1225 4023; x_wconf 68' lang='lat'><strong>&#39;¹¹⁸⁸</strong></span> 
     </span>
    </p>
   </div>
   <div class='ocr_carea' id='block_1_14' title="bbox 0 0 1380 4806">
    <p class='ocr_par' dir='ltr' id='par_1_14' title="bbox 0 0 1380 4806">
     <span class='ocr_line' id='line_1_55' title="bbox 0 0 1380 4806; baseline 0 3"><span class='ocrx_word' id='word_1_518' title='bbox 0 0 1380 4806; x_wconf 95' lang='lat' dir='ltr'> </span> 
     </span>
    </p>
   </div>
  </div>
 </body>
</html>
