2752 4806
504 400 697 450 Ariouisto
711 400 800 451 vrri.
1164 404 1197 450 lx

119 474 304 532 urentissimus
316 477 481 548 imperator,
495 479 533 537 lta
548 478 670 550 suscepit
684 481 792 547 animo,
805 482 837 537 ut
848 482 987 552 publicam
1002 483 1196 554 poenitentiam

118 555 382 690 ppcpogballffmeret:
404 557 483 627 ouius
503 561 681 616 correctionis
700 560 840 630 proiectus
856 562 1007 618 secundam
1028 563 1068 617 illi
1090 564 1197 632 paravit

140 757 150 776 ⁸
159 755 305 797 calamitatem
312 758 368 811 banc
377 759 430 799 adeo
439 758 555 810 lugendam
564 762 603 802 ubi
612 763 696 802 rescivit
705 772 796 812 magnus
805 762 938 812 Ambrosius,
946 764 1041 803 venienti
1049 763 1196 802 Mediolanum

116 812 253 861 imperatori.
262 819 284 853 et
291 817 315 853 in
324 818 432 864 templum
441 818 481 856 nei
489 829 515 856 ex
527 829 589 857 more
600 820 686 866 ingredi
699 821 806 869 cupienti,
815 822 900 863 eminus
912 822 996 859 obviam
1008 821 1158 869 progrediens,
1169 831 1196 858 ne

116 874 186 918 portas
194 873 284 921 quidem
295 874 370 925 templi
380 875 464 914 intrare
478 877 573 924 permisit
584 889 590 916 a
601 893 611 910 ιι
620 877 700 921 Nescis.
709 880 810 925 inquiens.
819 879 946 926 imperator,
956 879 991 915 uti
999 877 1095 923 videtur,
1108 877 1197 916 nefariae

116 931 127 959 ⁴·
136 929 209 976 caedis,
220 940 271 979 quaa
283 935 369 980 peracta
378 935 420 980 est,
428 933 601 980 magnitudinem
610 945 615 972 ι
625 944 694 989 neque
703 938 748 982 post
757 935 828 982 ipsum
836 935 956 980 iracundiae
969 936 1017 972 tuae-
1024 935 1102 980 linem,
1114 934 1197 971 ratione

116 1000 127 1018 ι
136 988 252 1035 cognovisti
263 991 326 1037 quale
335 987 648 1030 ia'cinnsansosfuerisiEnim
660 1003 712 1031 vero
724 997 744 1030 te
753 993 840 1031 tortasse
853 1002 897 1030 non
910 993 960 1030 sinit
973 991 1090 1040 imperialis
1103 990 1197 1039 potentia

103 1057 126 1091 ,ιι
135 1044 219 1082 crimen
236 1056 375 1095 cognoscem,
387 1048 424 1086 sed
435 1049 516 1086 rationi
530 1049 612 1096 obieeta
627 1049 743 1087 auctoritas
756 1049 834 1086 lumen
847 1049 929 1087 adimit.
943 1048 1103 1087 Verumtamen
1118 1051 1197 1086 natura

116 1117 125 1133 ι
136 1111 216 1142 neeesse
224 1109 255 1143 est
262 1105 338 1144 babeat
345 1106 388 1155 ipsa
396 1117 418 1145 se
425 1111 568 1155 perspectam,
577 1111 598 1145 et
609 1108 676 1145 simul
684 1110 734 1145 tum
747 1107 808 1154 quod
817 1109 870 1146 inest
883 1107 916 1145 illi
927 1108 1022 1146 mortalis
1035 1118 1059 1146 ac
1068 1106 1121 1154 fluxi
1129 1133 1137 1154 ,
1147 1111 1195 1146 tum

115 1175 125 1191 ι
134 1162 301 1209 progenitricem
311 1164 371 1202 illam
379 1165 476 1211 glebam,
484 1164 542 1202 unde
551 1164 601 1202 iacti
613 1174 700 1210 sumus,
708 1168 728 1202 et
737 1165 761 1201 in
774 1175 841 1212 quam
854 1158 990 1215 dissolvimur
999 1177 1004 1203 ι
1014 1176 1058 1203 ιιοιι
1073 1176 1124 1204 vero
1138 1176 1195 1214 pur-

115 1233 125 1250 ιι
134 1228 197 1266 purae
212 1218 265 1272 floro
278 1219 388 1264 fascinata,
404 1221 474 1268 operti
488 1221 582 1269 corporis
596 1221 698 1268 ignorare
712 1222 773 1259 debet
787 1223 944 1260 infirmitatem,
958 1221 1053 1261 subditis
1067 1224 1106 1270 qui
1121 1221 1195 1260 eadem

115 1291 125 1308 ιι
134 1279 209 1316 tecum
216 1281 296 1315 natura
304 1279 523 1324 constant,imperas,
531 1288 544 1315 o
553 1278 610 1322 Rex,
619 1279 688 1318 immo
696 1279 760 1314 etlam
769 1280 875 1316 conservis
883 1280 938 1324 tuis;
947 1287 1004 1317 unus
1015 1280 1074 1317 enim
1089 1280 1196 1318 Dominus

115 1348 124 1364 ιι
134 1337 156 1372 et
166 1343 204 1371 rex
211 1335 313 1371 omnium
322 1336 364 1380 est,
373 1336 472 1372 omnium
480 1334 577 1372 videlicet
587 1340 678 1374 creator.
685 1334 771 1382 Quibus
780 1345 832 1383 ergo
839 1337 905 1374 oculis
915 1338 1036 1374 communis
1044 1336 1127 1374 domini
1138 1340 1195 1374 tem-

116 1408 125 1423 ιι
136 1392 198 1440 plum
212 1391 321 1439 adspicies,
335 1391 440 1439 quibusve
452 1391 540 1439 pedibus
554 1395 651 1431 sanctum
667 1392 708 1430 boc
723 1393 872 1440 pavimentum
885 1397 983 1442 premes?
996 1386 1105 1443 quomodo
1121 1399 1194 1433 autem

115 1472 127 1491 .
136 1459 212 1486 manus
221 1447 331 1496 extendes,
340 1448 416 1486 calenti
425 1448 496 1486 edisne
507 1449 609 1496 sanguine
621 1449 734 1496 stillantes,
745 1453 783 1488 aut
791 1451 900 1498 quomodo
911 1452 988 1490 talibus
999 1452 1098 1489 manibus
1106 1451 1195 1500 excipies

113 1525 125 1541 ιι
134 1513 289 1548 sacrosanctum
296 1509 383 1548 Domini
392 1519 479 1558 corpus.
492 1513 514 1547 et
520 1511 554 1548 ori
563 1511 628 1548 etiarn
635 1512 754 1559 pretiosum
764 1513 891 1560 sanguinem
900 1513 1021 1550 admovebis
1030 1523 1035 1557 ;
1046 1521 1097 1550 curn
1106 1513 1193 1561 perires

113 1586 123 1600 ··
134 1570 281 1618 impotentiam
295 1572 383 1606 lantum
397 1569 505 1616 sanguinis
521 1570 644 1616 contraius
656 1580 719 1608 omne
731 1580 755 1608 ac
771 1570 801 1608 ias
814 1571 931 1610 eiiuderis?
940 1571 1035 1610 Abscede
1049 1572 1126 1619 igitur,
1135 1575 1156 1610 et
1167 1582 1194 1610 ne

115 1641 124 1655 ι
134 1625 262 1674 aggrediaris
276 1626 371 1674 priorem
386 1625 472 1674 culpam
488 1625 582 1664 secunda
594 1629 718 1672 cumulatum
731 1631 752 1665 ct
761 1628 833 1676 excipe
847 1629 904 1666 illud
916 1630 1029 1667 vinculum
1039 1629 1098 1677 quod
1111 1629 1194 1667 coelitus

114 1698 124 1712 ··
131 1681 212 1728 judicio
220 1693 258 1721 suo
267 1683 323 1720 Deus
332 1683 487 1720 universorum
503 1682 604 1722 dominus
618 1685 739 1723 confirmat.
754 1685 800 1723 Erit
810 1689 883 1723 autem
895 1687 951 1724 illud
962 1687 1001 1723 tibi
1016 1687 1154 1732 medicinale,
1169 1695 1193 1724 ac

115 1756 124 1772 ι
133 1741 225 1778 sanitatis
232 1741 358 1779 conciliator
364 1752 374 1786 i.
382 1740 422 1778 nisi
431 1739 488 1786 torte
498 1741 612 1779 insanabile
621 1743 702 1780 vulnus
713 1744 795 1791 perpeti
807 1745 900 1792 elegeris
911 1761 921 1778 ιι
934 1745 1056 1792 Imperator
1071 1753 1145 1791 parens
1160 1743 1194 1782 bis

114 1799 247 1836 sermonibus
257 1803 319 1843 (nam
329 1808 381 1837 cum
390 1808 477 1846 apuero
486 1798 510 1835 in
519 1799 601 1846 legibus
613 1798 690 1838 divinis
703 1805 754 1838 esset
766 1801 881 1847 educatus,
892 1813 942 1850 quae
956 1802 983 1839 ad
996 1802 1111 1840 sacerdotes
1122 1802 1193 1849 perti-

114 1859 203 1902 nerent,
216 1865 293 1903 quaeve
307 1855 334 1893 ad
349 1865 418 1904 reges,
431 1857 540 1904 perspicue
554 1859 656 1900 noverat)
668 1859 761 1904 gemitus
771 1868 795 1898 ao
808 1860 913 1908 lacrymas
924 1859 992 1899 simoi
1006 1859 1153 1908 profundens,
1168 1859 1193 1897 in

114 1914 216 1960 palatium
227 1923 268 1952 sese
281 1914 367 1962 recepit.

136 1971 218 2011 Octavo
228 1976 300 2009 autem
309 1983 381 2010 mense
389 1973 415 2010 ab
423 1973 475 2012 binc
483 1974 563 2022 elapso,
572 1973 631 2012 venit
640 1974 730 2022 quidem
739 1975 852 2015 Salvator-is
861 1977 928 2016 nostri
936 1977 1006 2015 natale
1015 1977 1093 2014 testum
1101 2000 1107 2021 ,
1116 1973 1192 2013 Theo-

114 2027 184 2066 ‹losius
192 2028 277 2066 veroin
287 2029 344 2076 regia
353 2029 427 2067 sedem
436 2031 565 2068 amarissime
579 2030 648 2069 tiebat.
662 2031 688 2068 Id
699 2031 793 2070 nunnus
806 2032 895 2080 quidam
910 2037 964 2071 tunc
975 2033 1077 2080 temporis
1092 2030 1193 2078 magister

113 2086 185 2133 palatii
191 2096 243 2124 cum
249 2087 383 2134 pervidisset,
391 2086 419 2124 ad
426 2097 477 2125 enm
486 2087 597 2138 accedens,
606 2088 671 2127 bomo
679 2088 776 2127 videlicet
785 2089 873 2128 domino
880 2087 939 2128 utilis
946 2100 970 2128 ac
977 2089 1098 2131 familiaris,
1107 2097 1192 2126 caumrn

113 2143 207 2190 rogabat.
220 2143 280 2182 'l'nm
293 2154 345 2182 vero
356 2145 394 2182 ille
406 2145 481 2183 acerbe
496 2154 595 2192 gemens,
607 2149 629 2183 et
640 2146 778 2186 calidioribus
791 2157 879 2186 manans
892 2145 994 2186 neribus:
1011 2163 1020 2180 ιι
1038 2146 1075 2185 Τιι
1087 2146 1192 2193 quidem.

113 2215 123 2231 ι
134 2203 208 2248 inquit,
217 2201 285 2248 ludis,
293 2201 387 2247 Rufine;
395 2211 443 2239 mea
454 2201 512 2239 enim
522 2203 579 2240 mala
594 2213 638 2241 non
645 2204 715 2243 sentis.
727 2205 771 2252 Ego
784 2209 858 2244 autem
872 2214 935 2253 gemo
944 2209 1008 2252 atque
1021 2203 1109 2251 deploro
1121 2211 1193 2240 meam

113 2272 123 2290 ιι
133 2258 197 2305 ipsius
207 2259 362 2307 calantiiatem,
370 2259 424 2297 dum
435 2270 524 2298 mecum
533 2264 609 2308 reputo
619 2259 719 2299 divinum
728 2263 835 2310 templum
848 2261 934 2300 famulis
942 2261 1005 2299 etiam
1016 2263 1079 2307 atque
1090 2257 1192 2296 mendicis

112 2329 123 2345 ιι
133 2319 232 2362 apertum
241 2326 295 2365 esee,
304 2316 465 2365 ingressumque
476 2317 531 2355 illuc
540 2321 615 2355 tutum
624 2327 647 2356 ac
658 2318 755 2356 liberum
762 2322 835 2368 patere
846 2319 900 2360 illis.
914 2321 939 2355 ut
950 2317 1064 2365 proprium
1073 2315 1191 2353 Dominum

112 2388 123 2404 ·
133 2374 172 2421 ipsi
180 2375 306 2413 conveniant
314 2386 320 2414 s
328 2376 464 2413 mibiautem
472 2376 513 2414 hoe
525 2375 674 2423 interdicitur,
683 2380 704 2413 et
716 2380 820 2424 praeterea
830 2377 908 2414 cselum
920 2377 984 2412 etlam
997 2374 1141 2412 interclusum
1154 2376 1190 2411 est.

112 2447 123 2463 ιι
131 2431 223 2470 Memini
232 2434 310 2481 quippe
321 2432 439 2472 Dominicae
452 2433 520 2475 vocis.
533 2443 576 2479 qua
590 2434 757 2480 promulgatur:
767 2433 880 2480 Quidquid
892 2432 1007 2480 ligaveritis
1020 2441 1084 2478 super
1096 2434 1191 2476 terram,

111 2503 122 2521 ιι
134 2489 176 2527 erit
184 2490 275 2538 ligatum
282 2493 303 2527 et
312 2489 335 2526 in
343 2490 406 2528 coelb.
416 2503 425 2520 ι
434 2489 529 2526 Rufinus
536 2498 588 2526 vero
596 2489 724 2526 medicinam
732 2489 779 2537 regi
787 2490 909 2526 ministrare
918 2489 1000 2535 rolens,
1009 2498 1033 2526 ac
1041 2488 1191 2536 tempestivum

111 2549 242 2586 beneficium
250 2549 283 2585 illi
291 2549 388 2596 praebere
397 2559 403 2587 s
413 2562 423 2579 ιι
432 2547 540 2593 Curram,
550 2547 624 2594 inquit,
636 2547 652 2584 si
662 2547 700 2584 tibi
709 2549 789 2594 placet,
798 2551 819 2584 et
831 2547 930 2596 Episcopo
939 2548 961 2584 id
973 2545 1103 2595 persuadebo
1117 2546 1191 2583 mullis

111 2621 121 2636 ιι
132 2605 239 2653 precihus,
244 2609 269 2641 ut
275 2608 296 2642 te
305 2616 318 2642 a
327 2606 419 2643 vinculis
428 2605 592 2642 belesmensi.»
605 2620 615 2638 ιι
626 2605 668 2643 Sed
676 2615 719 2642 non
726 2606 762 2642 ille
768 2604 939 2653 persuadebitur,
948 2604 977 2641 ait
985 2605 1113 2652 imperators
1124 2597 1190 2651 (ιιιιιιιι

111 2676 121 2692 ιι
132 2662 192 2698 enlm
203 2662 287 2706 iustum
301 2660 409 2699 Ambrosii
421 2661 529 2709 judicium
541 2662 581 2704 sit.
594 2667 731 2710 compertum
741 2663 815 2701 babeo.
828 2664 871 2701 lieo
884 2672 949 2710 porro
961 2661 997 2698 ille
1009 2671 1115 2710 umquam
1128 2669 1190 2698 com-

111 2732 123 2750 ιι
132 2717 216 2763 mittet,
225 2721 251 2755 ut
264 2717 379 2765 imperialis
389 2719 489 2766 potentiae
503 2722 598 2766 respectu
611 2719 706 2756 divinam
718 2721 788 2768 legem
798 2719 975 2766 transgrediatur.
986 2734 995 2750 ι
1004 2717 1032 2756 At
1046 2721 1191 2765 posteaquam

111 2775 211 2814 adhibitis
221 2775 320 2822 pluribus
332 2775 378 2813 aliis
389 2765 518 2821 rationibt'rs,
533 2775 626 2812 Rufinus
639 2776 776 2822 promittebat
789 2787 801 2813 a
812 2786 893 2822 magno
904 2775 1019 2814 Ambrosio
1034 2785 1081 2812 rem
1095 2784 1116 2811 se
1131 2773 1191 2810 baud

112 2833 178 2870 dubie
185 2833 368 2880 impetraturum,
375 2832 436 2880 iussit
443 2833 560 2880 imperator
568 2842 635 2880 quam
643 2828 741 2870 citissime
749 2834 813 2869 illum
822 2833 887 2870 abire.
898 2833 943 2880 ipse
952 2835 1025 2868 aulem
1033 2841 1067 2878 spe
1076 2832 1191 2875 inescatum,

111 2896 155 2939 post
165 2900 209 2930 non
217 2892 315 2927 multum
323 2891 424 2938 temporis
431 2894 535 2938 sequutus
542 2893 583 2933 est,
593 2894 618 2927 ιιι
627 2890 666 2937 qui
673 2889 751 2927 Rufini
757 2889 931 2938 promissionibus
940 2888 1006 2926 fidem
1016 2887 1110 2924 baberet.

134 2947 250 2988 Confestim
265 2958 315 2986 vero
326 2948 452 2996 alloquutus
463 2947 572 2985 Rufinum
585 2946 647 2984 divus
658 2947 797 2986 Ambrosius:
808 2963 817 2979 ιι
825 2946 923 2988 Canum,
934 2946 1008 2992 inquit,
1021 2943 1191 2991 impudentiam,

111 3021 123 3038 ·
131 3006 222 3052 liuline,
232 3006 333 3050 ιιιιιιιιιιις
342 3010 363 3043 et
372 3016 445 3054 neque·
455 3006 573 3052 erubescis,
586 3014 656 3053 neque
668 3005 810 3053 pertimescis,
820 3015 872 3043 cnm
882 3007 941 3041 tanta
954 3003 1013 3040 rabie
1023 3001 1123 3039 adversus
1132 3001 1189 3038 ima-

111 3079 122 3096 ιι
132 3065 204 3111 ginem
212 3064 251 3102 nei
259 3064 365 3102 saevieris?
373 3079 383 3095 ιι
394 3063 438 3102 Ubi
448 3073 499 3102 vero
510 3065 604 3111 reposuit
612 3062 718 3105 Rufinus,
728 3066 748 3100 et
760 3064 913 3110 imperatorem
926 3059 988 3098 brevi
1000 3060 1066 3107 spatio
1077 3059 1190 3105 interjecto

111 3126 231 3160 venturum
240 3123 305 3168 dixit,
315 3122 413 3161 incensus
422 3122 496 3159 divino
504 3123 548 3160 selo
558 3122 644 3160 divinus
656 3121 793 3159 Ambrosius:
804 3136 813 3154 ιι
822 3120 877 3168 Ego,
885 3121 961 3166 inquit,
972 3118 1085 3164 oiiussne,
1096 3117 1191 3165 praedloo

112 3195 124 3211 ιι
133 3189 168 3216 me
176 3180 352 3226 prohibiturum,
360 3188 387 3217 no
397 3181 431 3216 vel
440 3181 509 3227 ipsum
518 3180 593 3227 templi
601 3179 732 3217 vestibulum
740 3179 805 3216 calcet
814 3188 819 3215 ι
828 3178 861 3215 sin
869 3180 942 3215 autern
950 3176 968 3214 is
975 3174 1058 3223 regiam
1067 3177 1191 3222 potestatem

111 3253 121 3269 ιι
134 3238 156 3274 in
165 3237 300 3286 tyrannidem
310 3241 393 3284 vertat,
403 3247 438 3274 me
446 3247 520 3275 necem
530 3241 673 3284 excepturum
682 3246 734 3274 cum
743 3237 860 3282 voluptate.
869 3249 879 3266 ιι

134 3295 171 3332 liis
178 3295 265 3337 auditis.
273 3294 367 3332 nunnus
374 3296 395 3332 et
405 3293 515 3332 Ambrosii
522 3297 618 3330 mentem
626 3292 752 3341 imperatori
761 3302 800 3340 per
809 3291 927 3340 quemdam
938 3290 996 3329 illico
1006 3287 1126 3334 nontbvit,
1136 3292 1156 3326 et
1164 3291 1190 3327 ιιι

111 3357 208 3391 maneret
215 3353 238 3389 in
246 3353 322 3401 palatio
336 3351 459 3389 exhortatus
467 3355 503 3390 est.
513 3341 635 3399 imperator
643 3359 696 3387 vero
703 3374 709 3395 ‚
717 3350 756 3397 qui
764 3348 792 3385 ad
802 3348 900 3386 medium
910 3348 986 3386 iorum
992 3349 1038 3395 jam
1048 3348 1175 3394 pervenerat
1183 3368 1190 3390 ,

109 3421 163 3450 curn
171 3411 218 3450 baec
226 3410 320 3448 audivit:
333 3427 342 3443 ιι
351 3411 395 3457 Ego
401 3420 501 3458 pergam,
510 3410 594 3456 inquit,
605 3411 626 3446 et
637 3408 726 3446 insaniae
734 3415 789 3444 mem
797 3416 868 3454 peenas
875 3407 988 3444 exsolvam.
999 3419 1010 3436 ιι

133 3468 246 3515 Postquam
254 3477 306 3505 vero
314 3468 337 3504 in
344 3477 430 3505 sacrum
437 3470 520 3514 septum
526 3466 571 3513 jam
579 3468 670 3503 ventum
677 3465 720 3502 init
726 3491 732 3512 ,
739 3465 761 3501 tn
770 3465 807 3502 Dei
813 3464 902 3512 quidem
909 3464 964 3501 sedes
971 3472 1014 3501 non
1023 3465 1069 3498 erat
1077 3460 1190 3507 ingressus,

111 3534 189 3562 verum
197 3525 220 3561 in
229 3525 350 3562 salutatoria
359 3524 421 3561 domo
431 3522 563 3569 consederat,
572 3522 614 3560 suis
624 3532 645 3560 se
654 3521 747 3559 vinculis
756 3521 810 3558 solvi
821 3519 922 3568 flagitans.
934 3519 974 3555 Ille
986 3527 1037 3555 vero
1049 3517 1189 3565 tyrannicum

111 3582 198 3620 vocabat
206 3582 252 3629 eius
264 3581 397 3628 adventurn,
408 3591 432 3619 ae
440 3579 586 3617 Theodosium
598 3581 673 3617 eontra
685 3578 756 3615 Deum
767 3577 854 3622 furere,
866 3585 950 3613 necnon
960 3575 1024 3622 ipsius
1037 3575 1093 3621 leges
1107 3575 1190 3612 calcare

111 3640 268 3688 pronuntiabat
278 3640 399 3688 Imperator
409 3642 482 3676 aulem
493 3637 516 3674 in
526 3635 655 3674 contritione
665 3635 736 3673 cordis
748 3620 855 3682 acspim'iu
866 3633 1006 3671 humilitatis:
1017 3649 1026 3665 ι
1039 3630 1086 3671 ιιοιι
1103 3634 1193 3683 eumue

111 3711 122 3728 ιι
131 3695 219 3743 efferor,
228 3697 313 3744 inquit,
322 3695 422 3733 advorsus
433 3695 501 3741 leges,
508 3703 547 3730 nec
554 3701 641 3730 sacrum
650 3692 716 3728 limen
728 3694 804 3729 contra
816 3691 883 3739 juset
896 3689 926 3728 fas
935 3694 1005 3728 terere
1017 3690 1128 3738 aggredior
1139 3701 1143 3727 :
1154 3690 1190 3728 sed

111 3767 122 3784 ιι
132 3752 216 3792 obsecro
226 3751 260 3798 t'e,
270 3756 296 3791 ut
308 3763 343 3790 me
355 3752 494 3791 vinculorum
505 3761 563 3788 nexu
576 3751 664 3795 liberes,
676 3752 697 3787 et
712 3748 825 3787 clementia
839 3749 959 3787 communis
971 3746 1060 3786 Domini
1073 3748 1100 3785 ob
1117 3748 1190 3786 oculos

112 3826 123 3843 ιι
131 3811 171 3848 tibi
178 3812 255 3860 posita,
266 3811 320 3848 ιιιιιιι
328 3821 372 3849 ιιοιι
380 3810 498 3858 praecludas
505 3810 565 3846 illam
574 3809 675 3856 ianuam,
686 3817 753 3855 quam
765 3807 870 3845 Dominus
880 3807 921 3854 ipse
933 3807 1016 3844 cunctis
1023 3807 1106 3854 ape'ruit
1119 3807 1189 3853 poeni-

111 3883 122 3898 ιι
132 3868 230 3907 tentibus.
241 3885 250 3900 ιι
260 3885 269 3901 ιι
279 3869 370 3919 Qualem
379 3878 442 3916 ergo,
451 3868 554 3914 Episcopus
565 3869 607 3913 eit,
619 3865 756 3914 poenitentem
768 3864 875 3903 ostendisti
889 3868 933 3912 post
948 3867 1032 3902 tantum
1045 3864 1122 3909 scelus?
1137 3863 1189 3908 qni-

111 3942 122 3958 ιι
131 3926 196 3964 busve
206 3927 364 3966 medicamentis
375 3928 465 3965 vulnera
473 3927 511 3964 isla
520 3925 547 3963 ad
555 3925 675 3962 sanandum
690 3923 819 3962 difficillima
827 3925 885 3962 eolre
897 3923 977 3962 iecisti?
989 3939 999 3956 ιι
1012 3922 1046 3960 ad
1059 3921 1107 3958 haec
1119 3921 1189 3965 impe-

112 3987 171 4022 rator
179 3985 203 4022 in
211 3987 304 4023 contrito
313 3985 390 4032 spiritu
403 3994 478 4022 rursus
492 3985 582 4021 retulit:
592 3999 601 4012 ιι
611 3983 689 4020 Turum
702 3985 733 4020 est
747 3982 835 4019 omnino
847 3984 868 4018 et
881 3981 1010 4029 praecipere,
1020 3983 1040 4015 el
1053 3976 1190 4016 commiscere

111 4057 124 4076 ιι
132 4041 272 4080 medicamina
289 4057 299 4074 ιι
309 4041 369 4080 Τιιιιι
379 4049 430 4080 sero
444 4041 506 4078 diem
517 4039 654 4078 Ambrosius:
666 4055 674 4072 ιι
687 4037 867 4090 Quandoquidem
877 4063 883 4086 ,
893 4039 969 4086 inquit.
980 4037 1019 4081 ires
1030 4031 1123 4083 propriis
1136 4038 1189 4076 1³⁶¹-
