2752 4806
217 399 264 460 ian
542 413 545 418 ·
598 410 726 459 cancri
743 410 918 457 rnnnosn

216 491 362 553 nectuntur3
376 503 405 541 co
416 489 480 553 quud
495 491 669 556 predicatione
685 504 744 553 pro-
767 492 874 552 ideoque
888 487 1106 551 prnflpurubantur
1117 488 1144 536 in
1155 475 1306 549 patriarcl'rli

189 576 192 583 ’
216 564 271 625 pria
281 564 405 622 umqum
421 562 527 622 spiritali
539 561 745 612 resinovirosla·
767 560 853 620 quales
871 559 954 609 essent
973 557 1067 606 inuri,
1078 557 1259 605 invitabantur
1277 558 1307 607 ad

216 633 287 695 pldes
298 631 374 679 etiam
385 631 437 691 lpse
456 631 615 679 connecteret
627 631 745 690 :portans
768 629 920 689 gratiam,ad
929 627 1042 675 salutaris
1049 628 1308 676 mensae-vocabantur
1356 625 1359 633 '

217 701 292 750 otiam
304 701 366 758 mel,
376 711 424 758 quo
435 700 510 746 noxia
518 697 629 746 vulneris
639 698 745 746 interius
769 699 922 755 convivium
939 700 965 745 et
980 694 1129 744 cuumniam
1145 694 1200 743 sibi
1209 697 1307 756 parari,

217 765 648 826 oxcduutursiuealiqnaacerbitato
657 765 744 813 scetio-
768 765 870 814 insidias
884 765 938 812 lieri
950 763 1147 825 suspicabantur.

216 839 265 885 nis.
283 837 348 884 'ralis
367 836 434 883 enim
451 835 520 882 Pauli
538 834 699 894 pradicatio,
716 835 744 880 ut
798 831 1306 894 t8.litcoeperuntadlrorniuem,quicrat

216 906 316 966 putrem
331 902 440 952 aboleret
448 903 575 962 adactum,
591 902 744 962 corruptum-
768 916 841 965 supra
853 904 965 962 domurn,
977 902 1004 949 in
1017 901 1094 959 janua
1105 902 1197 948 domus
1209 914 1307 948 causam

217 987 265 1034 que
277 972 407 1021 evacuaret
426 972 554 1019 humorem
572 971 744 1031 disputationis
768 985 837 1020 suam
853 984 926 1033 agere
941 971 1015 1018 velle.
1032 970 1121 1017 Adhuc
1137 969 1258 1016 dubitant
1268 971 1304 1016 in·

217 1055 268 1090 suu
283 1043 382 1099 acirleo,
393 1052 467 1088 urere
481 1040 558 1100 magis
575 1051 644 1099 aegrae
654 1040 744 1086 mentis
768 1043 860 1100 troire,
871 1041 940 1088 etex
951 1040 1067 1099 operibus
1082 1038 1136 1086 suis
1145 1039 1246 1086 malunt
1253 1039 1304 1103 Jusa

217 1112 313 1160 uiscera
328 1111 445 1170 cupiens,
461 1121 534 1169 quarn
547 1120 642 1156 amare.
657 1109 744 1154 lucen
768 1105 871 1169 tlficari,
889 1101 934 1169 qui
952 1119 1050 1156 causam
1066 1119 1139 1153 suam
1156 1107 1249 1154 volunt
1265 1106 1303 1152 ad-

217 1179 421 1239 minorationis,
440 1180 466 1226 et
483 1177 587 1238 casiam,
607 1179 633 1226 ct
651 1178 743 1236 guttam
768 1175 1302 1237 strucre‚qnamgratiaruaecipere3etidoo

217 1243 350 1309 sepulturae‘
360 1247 466 1308 insignia
477 1258 530 1294 csse
539 1246 618 1294 Dauid
625 1245 744 1306 propheta
768 1247 795 1293 in
805 1247 881 1306 portis
889 1244 1135 1305 reducumtumzm
1143 1243 1231 1289 autem
1240 1243 1301 1290 fruc·

216 1329 262 1364 noo
272 1317 356 1364 docuit
372 1317 457 1362 dicens
467 1330 474 1362 a
486 1315 585 1375 diruto
604 1317 626 1368 ct
641 1314 706 1374 coitu
723 1315 744 1360 et
768 1317 821 1363 tum
831 1315 898 1362 uteri
912 1313 1040 1373 virginalis
1055 1311 1208 1372 exspectat,
1219 1313 1244 1359 ct
1254 1313 1300 1360 ha·-

216 1387 304 1433 cuaiao
313 1386 454 1431 uestimentis
464 1385 518 1431 iuis.
526 1383 602 1430 Venit
609 1383 675 1429 enirn
682 1383 744 1428 Pau·
768 1383 900 1432 ruditatem
915 1382 1030 1441 Domini,
1044 1380 1091 1439 tilii
1102 1387 1220 1428 mercena
1231 1394 1299 1442 nepo·

215 1452 256 1499 lus
273 1463 374 1499 crucem
383 1450 483 1496 Domini
497 1449 649 1510 praedicare,
660 1448 743 1496 ilicem
768 1452 858 1511 tiatur,
869 1463 920 1498 nou
933 1448 1063 1498 erubescet
1076 1450 1105 1496 in
1115 1450 1189 1510 porta
1202 1458 1211 1496 a·
1225 1450 1298 1499 sedin

170 1545 173 1551 Α
216 1531 315 1582 semper
334 1518 480 1577 virentem,
500 1519 526 1565 et
545 1530 622 1565 nuces
641 1529 743 1578 quarum
769 1521 841 1567 exitu
851 1520 908 1567 vitae
919 1519 992 1577 huius
1000 1519 1102 1578 repellit
1113 1517 1259 1578 inimicnm3
1269 1533 1300 1567 na

214 1590 279 1641 testa
289 1588 388 1648 durior,
400 1587 494 1635 fructus
503 1586 612 1634 tenerior
623 1599 632 1632 a
642 1585 743 1634 merito·
768 1589 799 1636 ad
816 1590 903 1636 altiora
923 1587 1065 1648 properanti
1086 1587 1205 1636 conscius
1226 1590 1300 1650 culpo

215 1671 266 1723 quo
276 1654 743 1717 virgasacerdotallslaronnucina,st
759 1657 886 1717 ¹gravioris
895 1657 1005 1705 obsistat.

215 1727 349 1776 Hieremia
367 1726 472 1772 baculus
486 1723 743 1783 injuriantium·
795 1723 1028 1786 inundaturum
1042 1720 1094 1773 illis
1110 1726 1299 1786 responditma⁴

214 1797 269 1844 tum
279 1807 376 1855 qnoque
387 1794 496 1853 duplex,
505 1805 556 1840 non
565 1792 643 1840 otiosa
655 1801 743 1839 mune·
765 1791 804 1850 jor
815 1792 909 1842 domus.
920 1793 981 1845 Etis
995 1793 1039 1853 qui
1050 1793 1084 1842 sit
1096 1794 1229 1855 intellige,
1245 1809 1296 1842 cum

214 1875 304 1911 raesae
314 1862 370 1922 quis
381 1860 742 1920 dubitct3cumetl>atriarclrae
765 1862 856 1920 legeris
872 1861 971 1920 iloyseu
988 1861 1087 1908 lidelom
1108 1862 1140 1908 in
1157 1863 1212 1910 tota
1229 1864 1295 1910 domo

214 1930 281 1989 vita,
291 1928 742 1996 ctApostoliserruosemperrircscat
767 1929 1296 1992 ejus..ntajorssenirndomus,ldoyses‚Pc-

214 2001 242 2046 in
252 1998 393 2060 pectoribus
403 1998 568 2060 singulorum
580 1997 606 2044 et
616 1996 741 2056 cloquium
757 1999 835 2056 trus,
844 2001 869 2047 et
883 1998 987 2058 Paulus,
999 2000 1024 2046 et
1035 2000 1120 2047 crateri
1132 2002 1293 2050 sanctisunt:

214 2069 367 2129 sanctorum,
385 2067 449 2115 sicut
468 2066 594 2127 argentum
610 2065 668 2125 igne
683 2077 741 2113 cxa·
765 2068 960 2115 Christusautcm
971 2068 1295 2132 solusestdominus.Scrip·

213 2139 356 2196 minatum,
376 2136 495 2196 praecepti
520 2135 625 2182 salubris
646 2135 739 2194 fulgore
765 2137 818 2183 tum
839 2136 877 2184 est
891 2137 974 2196 aquia
993 2138 1085 2196 tioyses
1104 2137 1188 2186 tidelis
1207 2140 1233 2186 in
1249 2141 1294 2188 tota

212 2204 385 2266 resplendeat?
400 2207 449 2252 ltec
464 2203 690 2262 immeritoduplex
701 2215 739 2248 ar·
765 2203 835 2251 domo
849 2204 903 2262 ejus
917 2207 1043 2265 tamquam
1061 2203 1172 2254 famulus
1187 2207 1216 2255 in
1230 2208 1295 2256 tasti-

212 2277 315 2336 gentum
324 2274 436 2323 referunt
447 2273 473 2320 in
483 2272 571 2333 quibus
580 2271 650 2318 Pauli
660 2270 740 2331 pracli·
765 2272 874 2320 monium
882 2285 966 2320 corum
972 2286 1026 2333 quaa
1033 2272 1101 2319 dicta
1112 2276 1199 2322 cuent
1206 2289 1212 2321 ι
1219 2276 1294 2322 Chris·

212 2344 345 2404 gmauatur
369 2341 490 2390 adventus
503 2373 511 2399 ‚
534 2339 577 2400 qui
602 2339 739 2386 laborantes
763 2340 804 2390 tus
812 2342 895 2388 autern
905 2342 1028 2401 tamquam
1038 2341 1104 2390 tilius
1116 2342 1144 2388 in
1156 2342 1231 2392 domo
1241 2357 1294 2404 sua,

212 2414 369 2474 presbyteros
392 2411 419 2457 in
438 2410 514 2459 verbo
534 2410 612 2468 atque
629 2407 739 2456 doctrina
764 2423 819 2470 quaa
829 2410 967 2457 domusnos
978 2410 1107 2470 sumus,si
1118 2411 1262 2462 libertatem
1272 2415 1294 2462 ct

212 2481 306 2543 duplici
316 2482 407 2527 honore
419 2479 532 2527 donabat.
753 2478 865 2539 ‘gloriam
873 2480 926 2539 spei
937 2480 1098 2528 tenuerimus.

242 2548 282 2596 tl.
296 2551 360 2598 Vidit
370 2550 447 2594 ouum
457 2547 507 2594 illos
515 2546 612 2606 Joaeplr,
623 2548 644 2594 ct
652 2545 738 2605 Benia-
793 2547 832 2595 50.
844 2547 889 2594 liic
901 2560 958 2608 erpo
977 2548 1056 2606 major
1065 2548 1155 2597 domus
1169 2548 1294 2612 respondit

211 2619 263 2666 min
270 2619 369 2677 fratrent
378 2627 446 2662 suum
459 2628 488 2662 eac
500 2616 578 2661 eadem
588 2619 672 2663 matre.
684 2616 737 2661 Jarn
762 2615 813 2663 illis
826 2629 833 2662 τ
846 2619 965 2677 Propitius
975 2619 1005 2665 sil
1016 2617 1080 2665 vobio
1094 2622 1160 2667 Deua
1166 2652 1175 2677 ,
1186 2623 1258 2669 nolite
1268 2625 1294 2669 o·-

211 2686 328 2735 videntur
335 2682 447 2743 fleoraei,
457 2684 483 2730 et
493 2682 608 2729 videntur
618 2695 632 2728 a
643 2683 737 2731 Christo
753 2698 824 2731 :merc
830 2699 839 2744 3
850 2687 912 2733 uun
923 2687 984 2732 euim
994 2688 1082 2743 uerter,
1093 2689 1116 2734 ct
1128 2690 1194 2737 Densa
1199 2693 1293 2749 patrum

211 2757 256 2818 qui
276 2767 349 2805 verus
372 2753 462 2813 Joseph
483 2753 538 2812 est,
563 2753 660 2813 quando
681 2766 737 2799 cum
761 2754 1293 2807 uestrorumdeditvodtatlreauuroatuauccu·

210 2825 280 2873 Pauli
301 2823 404 2873 veniunt
421 2825 480 2883 typo
497 2835 503 2867 a
521 2823 546 2869 ct
563 2822 671 2881 loquitur
688 2822 737 2869 illis
762 2824 923 2871 tr'aueatrisrnt
932 2828 1054 2884 arpentum
1063 2827 1170 2874 vestrum
1179 2829 1292 2886 prodam,

210 2894 282 2941 mitia
290 2890 544 2954 atqucmanaueta,ut
552 2891 644 2951 pariter
654 2891 736 2938 cibum
751 2895 881 2952 acceptum
899 2893 980 2940 linteo.
1004 2893 1042 2939 lili
1062 2894 1132 2939 enim
1154 2895 1293 2945 dixeranta

110 2972 113 2983 ·
209 2962 315 3010 sumant.
330 2961 407 3021 Supra
420 2961 502 3009 autem
517 2960 574 3019 quia
585 2960 638 3006 sine
649 2960 736 3016 Benja-
760 2964 1293 3024 Arpcutumuniuscup'usquciuausemunortn‘a

208 3030 262 3079 min
270 3030 407 3087 venerunt,
417 3027 561 3087 agnoscebat
571 3027 672 3085 quidem
681 3040 735 3075 eos:
761 3034 900 3090 invenimus,
909 3035 939 3080 ad
947 3036 1037 3093 poadau
1048 3037 1176 3093 arpentum
1186 3040 1293 3085 nostrum

208 3096 334 3146 sedibilis
343 3094 734 3156 seavertebat,utscripturnest:
760 3103 889 3149 rctodmua.
904 3102 923 3148 0
938 3113 1025 3162 magna
1042 3104 1178 3163 mysteria,
1196 3106 1222 3152 ct
1238 3108 1293 3152 eri-

208 3168 242 3214 Et
259 3164 395 3225 loquabatur
412 3165 448 3212 iiio
463 3167 537 3221 dura,
552 3164 610 3224 puin
625 3165 672 3225 ipsi
687 3179 736 3213 non
760 3169 849 3216 denter
863 3170 992 3228 expressat
1006 3171 1057 3217 Hoc
1073 3171 1112 3218 cst
1129 3172 1216 3220 dicero
1228 3187 1237 3220 a
1247 3176 1293 3222 Cur

209 3233 371 3295 agnoscebant
380 3243 527 3294 enm‚aquo
535 3235 734 3291 agnoscebantur.
761 3234 897 3283 inflamini?
917 3238 964 3284 Gur
984 3239 1114 3297 argentum
1136 3252 1181 3288 ros
1200 3243 1294 3290 hahere

207 3304 277 3351 Pauli
290 3301 363 3362 igitur
378 3302 466 3349 merito
481 3301 651 3363 profecerunt,
662 3317 734 3364 quern
760 3307 869 3353 restrum
884 3307 912 3352 in
927 3309 1030 3355 sacculis
1045 3309 1140 3367 saepius
1153 3312 1294 3372 usiupatis?

206 3369 325 3418 Dominus
338 3369 409 3418 iesus
420 3369 543 3430 tamqnam
555 3369 678 3426 juniorem
688 3371 736 3418 tra·
759 3373 822 3430 Quid
831 3374 898 3421 enirn
906 3376 1003 3423 habetis
1011 3376 1135 3436 quodnon
1145 3379 1292 3440 accepistis!

207 3441 271 3487 trem
288 3451 320 3485 ex
335 3438 421 3486 eadem
436 3439 514 3485 matre
529 3439 671 3497 generatum
683 3452 734 3486 arn-
754 3441 784 3502 ¹Si
795 3443 877 3489 autem
893 3444 1038 3503 accepistis,
1055 3445 1119 3504 quid
1133 3449 1293 3506 gloriamini,

207 3507 274 3568 plius
282 3507 632 3566 caeterisfratriliusdiligebut.
644 3509 735 3556 Adver·
759 3510 827 3569 quasi
844 3522 893 3557 non
899 3511 1062 3572 acceperitis?
1072 3515 1128 3561 iam
1138 3518 1242 3565 saturati
1251 3531 1290 3565 es-

207 3575 344 3621 tantJudaei
352 3587 425 3635 quem
432 3575 562 3622 Dominum
569 3577 732 3636 negaverunt,
758 3578 804 3636 tis,
818 3579 907 3632 divites
923 3580 981 3628 lacti
998 3582 1072 3640 estis,
1087 3584 1149 3642 quia
1160 3587 1290 3644 argeutum

208 3643 732 3704 quietiamcrucifixus,exsynagogatamen
757 3647 849 3696 habere
860 3660 902 3696 vos
918 3650 1017 3697 credilis
1029 3665 1035 3696 a
1047 3652 1092 3699 sed
1102 3656 1238 3713 argeutum
1248 3669 1291 3705 ro·

207 3712 418 3772 eorumtamquam
428 3724 459 3758 cx
466 3713 623 3759 eademortus
631 3716 732 3770 parente
757 3715 795 3761 bis
806 3717 871 3764 Deus
889 3719 986 3776 patrum
997 3720 1138 3766 vestrorum
1153 3722 1235 3772 dedit.
1246 3725 1289 3770 llle

206 3781 262 3842 plus
273 3793 313 3827 eos
323 3780 419 3838 diligit,
436 3779 456 3826 si
470 3780 510 3826 vel
521 3792 575 3826 sero
586 3783 731 3839 cognoscant
747 3783 1289 3844 =Deusvester,illepatrumvcstrorumlieus

207 3863 256 3896 suae
272 3847 356 3895 salutis
371 3847 503 3894 auctorem.
518 3848 567 3893 Sed
577 3849 729 3907 propriorum
756 3855 806 3911 est,
825 3866 897 3912 quem
912 3855 1027 3914 negastis.
1043 3855 1090 3902 Sed
1105 3857 1231 3918 ignoscit,
1246 3860 1288 3907 sed

206 3917 297 3965 conscii
316 3914 474 3972 delictorum,
489 3926 538 3961 non
557 3917 660 3963 credunt
677 3919 731 3964 tau·
755 3919 879 3979 indulget,
900 3922 943 3968 sed
963 3922 1053 3982 recipit
1071 3924 1091 3970 si
1111 3928 1287 3976 revertamini.

151 4031 153 4035 .
205 3989 255 4030 tarn
277 3983 365 4032 Christi
386 3995 438 4031 esse
463 3983 674 4043 misericordiam,
702 3988 729 4034 ut
754 3988 1287 4055 lpsccstquivestrumnonquaeritnrgen·

206 4051 278 4100 donet
300 4053 448 4132 irroratum,
471 4051 583 4101 remittat
603 4051 728 4112 injuriam.
754 4056 822 4116 turn,
839 4069 908 4106 suurn
923 4058 1005 4108 donat.
1017 4059 1070 4119 ipsc
1082 4061 1153 4108 robis
1165 4062 1236 4110 dudit
1247 4076 1289 4110 ar-
