2752 4806
155 401 187 451 28
547 403 671 448 salleni
688 401 857 448 amenesii

153 486 259 548 dixerit,
271 486 343 534 terra.
360 485 428 545 Quod
439 485 555 545 praeclare
570 485 679 546 positum
704 480 1236 545 sibi3quiaetaquishumore‚etignicalore

153 556 208 614 quis
219 569 266 603 uon
282 555 408 602 advertat?
426 558 499 604 Terra
515 556 582 602 enim
601 554 681 615 potest
705 554 868 612 conjungitur.
879 555 943 612 ignis
953 566 1050 615 quoque
1061 565 1117 601 cum
1128 552 1162 600 sit
1172 551 1233 599 cali-

154 624 180 669 ct
199 625 250 670 luto
262 636 314 670 csse
332 624 469 683 permixta,
482 623 551 684 aquis
567 623 680 680 madida,
704 622 749 668 dus
759 624 785 670 et
794 624 872 670 siccus
882 625 978 682 natura,
988 625 1068 670 calore
1077 621 1131 669 aeri
1143 631 1233 667 annec-

153 691 222 749 cujus
240 692 334 751 species
344 691 479 750 superfusis
494 692 563 751 aquis
576 702 625 737 non
637 703 681 751 ap·
704 689 777 749 titur,
786 690 895 738 siccitate
906 693 989 738 autem
1000 691 1026 737 in
1035 687 1234 737 communionem

151 757 246 816 pareat.
258 759 330 805 Arida
346 760 428 806 autem
442 773 491 806 non
504 762 580 807 solum
592 760 623 806 ad
638 768 681 818 ge·
704 754 775 803 terrai
786 769 813 802 ac
831 757 974 803 societatem
990 754 1146 811 refundliffl'i
1158 753 1233 810 at*11¹0

151 835 212 884 nus,
231 826 275 874 sed
296 827 370 874 etiam
388 828 419 874 ad
434 829 542 889 speciem
561 829 678 874 terrarum
704 823 738 869 ita
757 824 803 871 sibi
815 837 860 884 per
869 825 936 871 hunc
952 824 1083 871 circuitum
1092 821 1119 868 et
1130 820 1232 867 chorur'u

151 893 271 954 refertur,
284 896 312 941 ut
322 896 354 943 sit
364 897 444 955 utilis,
462 895 538 955 sicca,
556 896 645 944 habilis
656 897 681 942 et
703 893 834 951 quemdam
845 893 979 940 concordiae
990 890 1164 948 societatisque
1175 895 1237 934 cou-

152 963 208 1022 apta
226 964 338 1011 culturis.
355 964 433 1012 Simul
453 965 608 1025 prospectum
627 966 678 1024 est,
703 961 815 1009 veniunt.
832 962 901 1009 Unde
916 964 942 1009 et
952 973 1029 1020 grece
1038 959 1137 1016 στοιχεῖα
1144 955 1233 1002 dicun·

150 1042 182 1077 ne
193 1030 308 1079 videatur
325 1035 375 1080 sole
386 1035 463 1092 magis
475 1046 549 1093 quarn
560 1033 607 1079 Dei
617 1045 680 1092 prae-
704 1028 753 1087 tur,
759 1043 813 1090 quae
823 1030 899 1077 latine
907 1031 1029 1077 elementa
1035 1020 1231 1084 dicimus‚quod

151 1101 222 1158 cepto
233 1113 286 1148 esse
298 1101 387 1148 siccata
397 1136 404 1161 ,
413 1103 470 1162 quia
481 1102 548 1148 arida
562 1101 627 1148 facta
643 1102 680 1148 est
703 1096 750 1143 sibi
766 1099 913 1145 conveniant
927 1101 953 1146 ct
969 1095 1107 1145 concinant·

150 1168 281 1227 antequam
290 1171 325 1216 sol
337 1175 470 1218 crearetur.
481 1171 551 1217 Unde
563 1171 589 1216 et
601 1166 678 1216 Daiid
733 1166 830 1213 taline
841 1168 923 1214 autem
934 1167 1054 1226 progressi
1064 1175 1163 1222 sumus,
1172 1159 1232 1221 quia

151 1234 291 1283 discernens
306 1250 373 1284 mare
392 1239 417 1285 et
427 1240 533 1298 terram,
550 1239 586 1286 ait
595 1239 625 1286 de
636 1240 679 1285 de
703 1233 827 1296 Scriptura
838 1239 887 1296 ait,
898 1239 961 1297 quod
970 1238 1036 1299 Deras
1046 1231 1174 1282 vocaverit
1182 1229 1232 1276 ari·

90 1317 92 1321 ·
150 1303 217 1349 mino
228 1307 277 1349 Deo
291 1318 297 1350 r
310 1309 426 1366 moniam
435 1309 508 1366 ipsios
524 1311 556 1354 eat
568 1321 646 1365 marc,
658 1312 678 1354 et
703 1304 757 1350 darn
768 1307 872 1365 terram,
888 1307 996 1362 horest,
1011 1304 1070 1365 quia
1085 1301 1153 1363 quod
1163 1299 1231 1359 prin-

150 1373 198 1430 ipre
215 1374 267 1433 [ecit
282 1375 349 1430 illud,
370 1377 393 1421 et
418 1378 511 1422 aridam
528 1388 614 1423 monna
631 1376 679 1434 ejas
703 1373 780 1432 cipeto
792 1377 830 1422 est
841 1367 907 1434 cju's,
919 1366 1230 1433 nuncupavitproprietato

150 1440 315 1498 placaverant.
326 1441 400 1489 Arida
415 1444 483 1490 enim
499 1443 624 1502 expressio
634 1455 679 1490 na·
702 1442 804 1489 naturae.
822 1444 943 1492 Naturalis
953 1442 1019 1491 enim
1035 1437 1174 1500 proprietas
1183 1433 1230 1482 aie-
1256 1451 1263 1467 ·

149 1513 211 1556 turae
223 1510 274 1568 est,
283 1512 350 1557 terra
358 1511 489 1570 appellatio
500 1512 611 1571 quaedam
622 1513 679 1560 sim·
703 1507 762 1557 citas
771 1511 807 1557 est
815 1513 887 1559 terrae
898 1513 968 1559 r'haec
977 1512 1000 1559 ei
1009 1506 1171 1569 praerogativa
1181 1515 1229 1551 sel*

150 1577 211 1636 plex
218 1578 327 1638 negotii,
337 1591 393 1638 quae
401 1580 427 1624 in
436 1591 461 1626 se
471 1579 679 1639 habeatproprie·
703 1577 757 1624 vata
766 1579 820 1643 ¹est.
831 1581 975 1639 Principalis
985 1591 1041 1637 erqo
1050 1574 1156 1623 siccitas.
1167 1571 1229 1618 Sub·

148 1646 235 1692 tatem.
252 1647 321 1693 Sicut
337 1646 402 1694 enim
420 1648 511 1694 animal
522 1648 618 1707 generis
629 1649 678 1708 sig·
702 1647 740 1693 est
753 1647 828 1693 etiarn
839 1651 867 1695 ut
885 1649 917 1694 sit
932 1648 1018 1704 frigida
1030 1658 1036 1690 ε
1048 1644 1092 1692 sed
1106 1654 1157 1689 nou
1167 1651 1228 1700 prar-

148 1712 257 1760 nisrcatio
268 1714 319 1772 est,
328 1712 369 1760 cui
380 1713 445 1760 inest
453 1717 578 1774 proprium
584 1715 678 1776 aliquid
702 1711 814 1760 feruntur
825 1715 930 1761 secunda
938 1713 1032 1772 primis.
1043 1712 1076 1758 Ut
1088 1709 1174 1757 autern
1184 1707 1229 1754 hu·

149 1780 176 1827 et
194 1782 332 1842 excellens3
347 1782 494 1829 rationabile
520 1785 603 1829 autem
620 1796 678 1841 pro-
703 1775 1226 1838 midasit‚aquarumidaldnitatesortitur·

149 1849 230 1907 prium
242 1850 280 1897 est
296 1851 402 1898 hominis
413 1864 421 1897 a
433 1851 467 1896 ita
479 1851 505 1898 et
520 1851 586 1897 terra
596 1852 678 1911 potest
701 1844 761 1902 Ergo
772 1845 1136 1906 iiludsuum‚istuda1ienu1n:
1148 1853 1227 1898 sunm,

149 1917 312 1965 communiter
322 1917 371 1964 dici
382 1918 422 1965 vel
437 1917 533 1965 scatens
544 1919 676 1977 aquis,rel
701 1915 766 1972 quod
786 1917 867 1976 arida3
889 1918 1012 1975 alienum,
1033 1914 1097 1975 quud
1115 1910 1227 1960 humida.

148 1983 245 2033 deserta
256 1987 282 2033 et
293 1985 374 2045 iuria,
386 1987 411 2033 et
429 1984 481 2033 sino
498 1999 569 2046 aqua.
581 1988 641 2046 Ergo
652 1988 676 2034 et
701 1984 790 2031 Auctor
808 1986 891 2046 itaque
910 1987 1003 2034 naturae
1018 1983 1084 2044 quod
1094 1983 1175 2042 primo
1185 1980 1227 2034 doe

147 2052 186 2099 illi
204 2067 258 2114 quaa
272 2055 349 2102 scatet
364 2056 448 2115 aquis,
464 2056 529 2103 inest
543 2056 571 2103 ut
587 2057 676 2104 habeat
702 2053 778 2112 navit,
786 2054 831 2101 hoc
843 2055 936 2115 tenuit3
946 2056 1004 2115 quia
1015 2053 1081 2101 istud
1089 2065 1121 2099 ex
1129 2051 1226 2107 natura,

149 2123 297 2171 ariditatem.
309 2124 411 2171 Remota
423 2125 489 2171 enim
501 2137 563 2184 aqua
570 2157 578 2181 ,
589 2125 677 2185 incipit
701 2121 761 2168 illud
773 2135 805 2169 ex
813 2136 895 2171 causa.
906 2127 943 2170 Ex
954 2121 1132 2183 principalibus
1144 2119 1226 2178 igituir

150 2201 203 2236 esse
215 2191 291 2250 arida,
301 2191 445 2238 sicuthabes
453 2192 569 2252 scriptum
578 2209 585 2237 a
595 2196 674 2242 Posuit
701 2202 750 2237 non
767 2204 798 2238 ex
811 2193 979 2239 accidentibus
993 2194 1065 2239 terrae
1075 2191 1164 2238 debuit
1173 2198 1227 2249 pro-

145 2258 248 2316 ltomino
257 2261 283 2306 in
294 2261 421 2317 barrium,
433 2262 454 2307 et
466 2263 542 2308 exitas
558 2275 675 2320 aquaram
700 2258 790 2317 prietes
801 2259 911 2318 definiri3
922 2260 950 2306 ut
960 2259 1094 2306 secundum
1105 2265 1225 2317 preroga·
1271 2303 1278 2319 ,

147 2328 172 2372 io
186 2329 264 2386 sitim,
278 2329 325 2382 lroc
341 2329 393 2388 est,
404 2329 434 2377 de
446 2330 512 2378 terra
526 2342 615 2389 aquosa
626 2332 676 2378 erl·
700 2327 774 2373 tivam
785 2329 909 2387 qualitatis
919 2328 973 2386 eius
984 2327 1158 2375 informaretur
1168 2336 1224 2372 uos·

148 2393 203 2439 darn
223 2395 292 2443 fecit.
700 2395 736 2441 tra
746 2395 861 2453 cognitio.

177 2463 216 2509 l8.
228 2464 307 2512 Habet
317 2478 374 2524 ergo
385 2467 450 2513 terra
459 2467 583 2525 propriam
593 2468 674 2528 quali·
1045 2526 1047 2530 λ

147 2531 223 2576 tatem
234 2545 317 2591 suom,
329 2535 393 2581 sicut
401 2536 427 2581 et
441 2536 536 2594 singula
552 2537 675 2584 elementa
876 2539 1001 2592 CAPUT
1019 2541 1057 2591 v.

147 2599 254 2660 hahent,
271 2613 328 2648 nam
340 2605 365 2650 et
376 2616 418 2649 aer
428 2604 553 2650 humidam
571 2606 675 2663 qualita-

147 2668 246 2726 tcm‚et
254 2670 447 2730 aqualrigidem,
457 2672 482 2718 et
490 2671 553 2730 ignis
561 2673 673 2721 calidam.
699 2661 803 2711 Quaenam
826 2660 867 2700 ¹¹⁰⁰
888 2661 1072 2726 5⁰¹195¹¹¹³R¹⁰⁰⁰
1090 2657 1165 2696 ’ΜΨ
1186 2664 1226 2720 9⁵⁸

720 2716 835 2754 nonnullos
850 2716 960 2753 arbitrari.
968 2715 1032 2752 Maris
1049 2711 1226 2752 commendahoa

146 2736 176 2815 Et
186 2738 422 2818 hoeest'principale
433 2741 674 2800 propriumelemen-
720 2768 866 2817 pulcritudine
887 2778 911 2806 ae
928 2766 1043 2815 multiplici
1068 2766 1175 2811 utilitate,
1190 2761 1225 2800 seu

145 2807 179 2852 t¹⁸
199 2808 314 2866 εῑΠὲΠῙῑθ,
333 2809 398 2868 quod
412 2809 508 2857 ratione
528 2810 672 2869 colligimus.
720 2821 891 2870 praecipuequod
900 2822 1005 2858 insulanos
1014 2818 1152 2856 anachoretas
1163 2814 1225 2853 undis

144 2874 358 2934 Comprehendere
379 2878 462 2925 autem
481 2879 631 2927 sensibiliter
649 2882 674 2928 et
720 2877 870 2924 amplectatur,
878 2879 898 2912 0¹
914 2878 980 2937 ⁶0³¹}ss
991 2871 1122 2937 ecclesiastici
1130 2871 1225 2918 figuram

146 2945 303 3003 corporaliter
314 2947 334 2993 si
347 2947 466 3006 velimus,
480 2947 550 2994 velut
561 2960 673 2995 connexa
719 2931 867 3022 {3223}th
888 2928 968 2966 caudit
985 2937 1018 2974 ¹³¹³
1035 2931 1128 2964 “uem
1148 2933 1224 2972 μεθ’

145 3011 172 3057 et
190 3012 322 3070 composita
339 3012 491 3071 reperimus3
510 3013 537 3058 ut
556 3013 589 3060 sit
607 3016 672 3061 terra

145 3077 212 3125 arida
223 3080 248 3125 et
254 3079 350 3139 frigida,
359 3081 513 3140 aquairiqida
525 3081 550 3127 et
560 3081 670 3142 humida,
726 3080 766 3128 20.
780 3082 813 3128 lit
837 3081 894 3128 vidit
912 3081 974 3129 Deos
984 3079 1040 3140 quio
1054 3075 1151 3125 henaim.
1171 3076 1225 3124 Non

145 3147 292 3200 herrandus
309 3148 334 3194 et
353 3148 484 3207 humidus,
504 3149 567 3208 ignis
578 3150 671 3197 calidus
697 3149 850 3208 praeterimus
861 3149 919 3209 quia
936 3148 1013 3208 aliqui
1027 3159 1075 3194 nec
1086 3145 1112 3193 in
1123 3145 1224 3193 hebraeo

145 3215 171 3262 et
181 3215 272 3274 siccus,
292 3215 368 3263 etsie
387 3216 435 3263 sibi
454 3229 499 3276 per
518 3218 561 3264 has
578 3219 672 3278 jugales
696 3218 785 3277 putant
797 3230 918 3276 esse‚nec
930 3218 956 3263 in
968 3212 1223 3272 caeterisinterpreta·

144 3283 275 3343 qualitates
285 3284 381 3344 singula
393 3284 528 3332 miscentur
539 3287 670 3334 elementa.
697 3287 821 3334 tionibus:
834 3290 889 3348 quio
909 3289 1047 3346 conqreqota
1065 3286 1099 3332 eat
1113 3297 1179 3343 aquo
1198 3285 1224 3329 ia

144 3351 203 3398 Nam
210 3354 276 3399 terra
284 3364 341 3399 cum
351 3353 384 3401 sit
392 3353 466 3400 aridae
475 3353 500 3401 et
511 3352 605 3414 trigidae
613 3367 672 3415 qua·
695 3357 835 3403 collectiones
850 3370 918 3412 aeas,
929 3358 952 3403 et
971 3354 1081 3415 apperuit
1100 3353 1184 3408 arido,
1201 3352 1225 3398 el

143 3418 234 3479 litatis,
248 3421 401 3469 connectitur
413 3434 481 3482 aquae
491 3434 537 3482 per
547 3423 672 3481 cognatio-
695 3427 784 3472 vocarit
794 3428 858 3472 Deus
876 3426 968 3472 aridem
980 3426 1085 3480 terram,
1103 3424 1126 3469 et
1140 3421 1224 3468 colleo-

143 3501 200 3536 nem
217 3490 343 3550 qualitatis
361 3490 471 3550 trigidae,
484 3491 511 3539 et
526 3503 573 3550 per
582 3502 671 3552 aquam
695 3491 1142 3556 tioocaaquarumoocoeitmorie.tlum
1153 3489 1223 3536 enim

143 3556 207 3616 aeri,
223 3558 281 3616 quia
291 3559 408 3606 humidus
419 3558 456 3607 est
474 3571 526 3607 aer.
537 3560 598 3620 Ergo
608 3572 670 3620 aqua
695 3561 788 3608 dixerit
805 3562 871 3609 Deus
886 3561 945 3621 quta
956 3562 1044 3621 factem
1055 3561 1089 3608 est
1103 3560 1150 3616 sic,
1162 3557 1223 3606 satis

143 3623 266 3683 tamquam
286 3626 394 3674 brachiis
409 3627 555 3688 quibusdam
576 3628 670 3676 duobus
695 3641 748 3677 esse
763 3629 850 3690 putant
865 3641 952 3676 vocem
963 3627 1098 3687 operatoris
1109 3625 1140 3673 ad
1154 3627 1223 3674 cele·

143 3691 240 3751 trigoris
250 3693 276 3739 et
285 3693 409 3754 humoris,
420 3697 498 3743 altero
515 3697 621 3757 terram,
633 3698 670 3744 al·
694 3698 768 3744 bratar
785 3696 933 3757 operationis
948 3696 1076 3744 indicium.
1092 3694 1141 3742 Sed
1162 3693 1222 3754 quia

142 3760 196 3806 tero
211 3771 293 3807 aerem
310 3762 409 3809 videtur
429 3765 559 3824 amplecti,
580 3765 669 3826 frigido
694 3765 719 3811 in
730 3766 785 3812 aliis
794 3778 890 3826 quoque
901 3765 1019 3813 creaturis
1031 3764 1108 3812 habet
1123 3761 1149 3810 et
1158 3763 1221 3810 deti-

142 3828 247 3887 terram‚
266 3835 357 3876 aerem
374 3830 483 3877 humido.
502 3834 551 3878 Aer
572 3846 669 3894 quoque
693 3834 814 3881 ditionem
829 3834 1013 3894 praeceptionis,
1036 3833 1062 3880 et
1084 3831 1221 3890 repetitum
1241 3865 1243 3869 -

141 3896 237 3942 medius
248 3897 367 3945 interduo
378 3901 564 3958 compugnantia
571 3913 617 3960 per
626 3914 670 3949 na·
693 3902 841 3962 operationis
850 3905 890 3952 vel
900 3902 1035 3961 indicium,
1044 3902 1085 3951 vel
1093 3900 1221 3962 ellectum,

140 3965 228 4022 turam,
238 3965 284 4013 hoc
295 3966 345 4024 est,
360 3966 425 4014 inter
435 3979 523 4027 aquam
533 3970 559 4017 et
572 3968 667 4029 ignem,
693 3971 749 4017 ideo
755 3983 799 4018 nos
805 3983 852 4019 non
858 3972 972 4032 putamus
981 3971 1115 4018 absurdum
1123 3968 1148 4016 id
1153 3969 1221 4028 quod

141 4034 273 4098 utrumque
298 4035 359 4083 illud
383 4036 530 4084 elementum
555 4038 669 4086 conciliat
693 4039 839 4101 perhibetur
866 4039 991 4104 additum,
1013 4036 1222 4095 etiamsicaeteria

933 2463 980 2476 -
