2752 4806
155 377 201 426 sos
519 388 523 397 ·
562 370 693 415 ssscrr
714 368 884 413 sunnosrr
926 336 930 347 ¹

154 473 205 509 uno
222 457 315 506 dlotlus
331 457 385 506 loco
403 455 481 514 staro,
492 453 563 503 solita
578 452 682 501 transire
707 450 764 498 rlml
780 449 880 498 loenoris
895 444 1068 505 demersisset,
1081 442 1238 505 graliasplrl-

155 541 199 587 per
208 525 395 587 plurimos.tino
403 521 482 572 teneri
491 522 586 569 sacculo
594 520 683 578 nescit,
707 521 764 568 talis
773 519 831 566 lidei
841 517 888 566 tibi
899 514 1007 565 dedisset
1019 514 1169 574 argentum,
1180 515 1204 559 et
1216 512 1238 558 in

154 595 248 643 versari
272 606 301 640 ac
322 591 450 641 numerari
471 589 592 651 expetit:
611 600 683 634 usum
708 587 815 648 speciem
827 585 882 633 anri
895 583 985 633 divinae
1000 581 1135 650 sapienties
1149 580 1239 628 institu-

154 662 274 723 requlrit,
290 663 320 711 ut
337 663 448 722 acquirat
465 672 573 708 usuram.
585 659 684 721 lj'luctus
709 657 775 704 tione
794 654 930 703 formasset.
947 651 1046 700 Etenim
1064 651 1088 699 si
1106 663 1154 698 nos
1170 660 1241 696 unum

154 732 253 791 quidam
263 731 301 779 est
310 731 458 789 maris,nou
468 729 568 776 tructus.
578 725 684 774 Pecunia
709 724 878 773 testimonium
898 722 989 771 divina
1012 719 1147 780 scripturas
1167 717 1242 778 posui·

135 795 138 799 ’
155 811 289 859 numquam
304 799 418 859 quiescit.
426 797 536 855 Labitur,
547 796 616 844 velut
631 806 684 840 sco-
709 805 775 853 mus,
794 793 820 840 et
839 791 991 839 luxuriosum
1013 788 1080 836 illud
1104 786 1241 835 convivium

154 868 214 926 pulo
228 868 350 927 illisa,ite.
361 867 481 928 gremium
498 865 615 912 debitoris
629 876 685 923 per·
709 862 904 919 declinavimus,
925 859 1013 918 utique
1038 855 1125 916 potuit
1151 855 1177 902 et
1200 853 1242 902 iste

155 936 231 996 sulit,
250 937 276 984 et
294 935 410 984 continno
428 934 548 982 relabitur
569 945 598 979 eo
617 932 684 978 unde
709 931 815 990 salvari,
834 930 854 976 si
875 927 979 977 oraculis
1000 926 1151 975 coelestibus
1170 923 1245 972 inhar-

155 1006 283 1063 processit.
302 1007 360 1053 Cum
380 1016 504 1053 murmure
522 1002 608 1061 venit,
629 1013 685 1048 curn
709 999 788 1047 sisset.

155 1074 249 1132 gemitu
272 1074 414 1121 revertitur.
432 1071 583 1132 Frequenter
603 1071 685 1116 tamen
740 1064 1083 1116 l9.llevertamurtamenad
1091 1061 1245 1119 convivium,

155 1142 281 1202 placidum
307 1144 354 1190 slat
378 1141 459 1191 ventis
482 1153 568 1198 mare,
589 1150 686 1198 semper
710 1150 760 1185 non
778 1139 806 1185 ut
827 1137 880 1194 eius
900 1134 1061 1195 degustemus
1082 1132 1185 1193 epulas,
1204 1129 1246 1178 sed

155 1209 257 1258 loenoris
263 1211 328 1258 unda
334 1212 449 1270 jactatur.
455 1207 685 1268 ldergltnanlragos,
711 1206 831 1254 cavendas
841 1205 896 1251 aliis
907 1204 1118 1252 demonstremus.
1131 1201 1245 1248 oneratam

156 1279 257 1337 exspuit
264 1279 459 1338 nudos‚vestitos
466 1276 686 1336 exult,insepultos
710 1285 794 1320 mensa
815 1272 953 1332 peregrinis
970 1273 997 1319 et
1017 1270 1157 1330 exquisitis
1172 1267 1246 1316 cibisr

156 1346 283 1406 relinquit.
293 1349 425 1394 Nummum
436 1358 493 1405 ergo
503 1345 580 1405 petis,
590 1345 616 1391 et
625 1355 687 1390 nsu-
711 1343 860 1390 adbibentur
881 1341 990 1389 nitentes
1012 1340 1145 1398 ministri,
1164 1348 1246 1397 magm

156 1412 261 1471 fragium
279 1416 392 1474 suscipis.
403 1415 466 1460 iiiuc
485 1413 618 1473 Charybdis
638 1412 687 1458 cir·
712 1412 772 1458 emti
790 1411 885 1471 pretio,
900 1412 983 1458 sumtu
1002 1407 1127 1470 pascendi
1147 1404 1246 1464 majori:

158 1482 315 1540 cumstreplt,
323 1482 381 1528 binc
391 1482 482 1528 Sirenae
491 1495 546 1540 quae
556 1480 688 1540 voluptatis
712 1480 805 1530 bibitur
820 1483 847 1528 iu
857 1483 968 1537 noctem,
980 1478 1037 1527 dies
1052 1477 1174 1526 convivio
1185 1476 1247 1523 clau·

157 1548 653 1607 specie,etcauoraedulcedinissnavltate
661 1548 688 1594 in
713 1550 789 1609 ditur,
800 1550 915 1598 ebrietati
927 1547 1020 1596 delicit.
1032 1545 1122 1604 Surgit
1139 1544 1184 1592 ille
1199 1541 1248 1590 vini

157 1617 220 1663 vada
228 1615 345 1664 deductos
353 1617 578 1676 caeca,repetcudae
586 1617 686 1675 domus,
712 1615 1248 1679 plenus,vacnusopum,dormitiolucem,

157 1685 187 1732 ut
195 1685 277 1733 ierunt
285 1685 384 1744 labnlae,
393 1697 436 1746 spe
445 1687 470 1733 et
478 1685 612 1748 cupiditate
620 1684 688 1731 lrau-
713 1689 817 1746 vigilans
834 1689 955 1736 somnium
969 1686 1053 1746 putat.
1064 1685 1167 1731 Etenim
1185 1683 1247 1730 utin

158 1755 256 1802 dabant·
712 1757 815 1803 somniis
832 1757 879 1803 sibi
901 1755 999 1803 videtur
1020 1753 1110 1801 subito
1132 1751 1203 1799 dives
1219 1763 1248 1799 ex

194 1823 232 1868 lt.
254 1822 340 1870 Statim
360 1822 502 1870 venditores
521 1821 640 1881 unguenti
662 1821 688 1868 et
713 1837 834 1884 paupere,
847 1827 883 1873 sle
901 1823 975 1872 eliam
994 1834 1093 1882 egenus
1112 1833 1149 1868 ex
1166 1819 1248 1871 divite.
1274 1857 1278 1867 .

158 1890 310 1938 diversarum
328 1890 466 1950 specierum
485 1891 582 1937 irruunt
589 1888 608 1949 ⁴,
619 1890 688 1938 velut
712 1895 776 1940 Dum
798 1895 888 1942 ‹lelluit
908 1893 1009 1941 interim
1032 1891 1163 1952 pecunia,
1181 1900 1249 1936 usura

158 1958 259 2019 quidam
277 1972 350 2006 canes
368 1960 447 2019 sagaci
466 1959 555 2019 praedae
572 1959 689 2018 vagandis
713 1963 844 2023 superlluit
863 1965 985 2022 :tempus
1004 1960 1152 2018 minuitur,
1174 1958 1249 2004 loeuus

159 2027 232 2074 odore
241 2028 379 2088 perstricti,
389 2030 532 2086 venatores,
543 2030 688 2089 piscatores,
713 2032 815 2090 angetur
824 2046 831 2078 ε
841 2032 971 2080 thesaurus
982 2028 1144 2087 exinanitur,
1152 2039 1203 2074 sors
1211 2037 1251 2072 ac·

158 2109 281 2158 aucupes,
300 2110 421 2158 caupones
441 2111 537 2158 quoque
557 2099 688 2147 miscentes
714 2100 853 2147 cumulatur
864 2113 870 2146 :
883 2099 1003 2159 paulatim
1018 2096 1138 2144 convivae
1152 2107 1180 2143 se
1198 2093 1271 2161 suli·⁸

158 2180 227 2214 mero
243 2180 344 2227 aquam,
363 2166 406 2227 qui
423 2169 578 2215 nobilitatem
596 2167 687 2215 vetusti
713 2168 828 2228 trahunt,
847 2180 974 2228 sponsores
993 2164 1249 2214 conveniuntrmane

159 2238 256 2296 generis
267 2237 292 2284 et
301 2235 435 2296 patrrae‚et
445 2237 688 2285 natalemdiemvini
713 2237 845 2285 loeuerator
863 2237 945 2297 pulsat
963 2235 994 2283 ad
1016 2235 1126 2294 ianuas,
1142 2234 1250 2294 queritur

160 2305 363 2352 circumsonent:
380 2306 565 2353 circumstantes
585 2307 688 2365 repente
713 2307 767 2354 dies
792 2307 907 2355 solutioni
927 2305 1056 2354 transiisse
1076 2303 1250 2364 pracrlptos,

159 2373 260 2432 parasiti
274 2386 349 2433 quem
363 2374 421 2421 ante
435 2374 546 2422 solebant
558 2387 688 2435 spernere,
713 2375 812 2434 injuriis
822 2377 967 2436 vigilantem
981 2373 1108 2432 adoritur,
1118 2372 1148 2419 in
1163 2372 1250 2418 somnis

160 2442 281 2500 salutant,
293 2442 432 2503 deducunt,
443 2444 473 2490 ad
484 2444 594 2491 laetitinm
602 2456 689 2503 provo·
714 2444 874 2494 dormientem
884 2446 986 2494 excitat.
991 2445 1047 2490 Non
1055 2443 1148 2491 noctes
1156 2441 1250 2501 quieta,

161 2512 232 2567 cant,
253 2510 284 2555 ad
306 2511 413 2557 sumtum
435 2511 539 2559 incitant
558 2512 687 2560 dicentes:
713 2526 764 2560 non
779 2515 832 2562 dies
847 2515 929 2562 suavis
945 2509 1252 2570 est,nons011ueundus..

163 2579 259 2635 Venite,
271 2582 292 2626 et
308 2581 419 2638 fruamur
439 2581 504 2628 bools
521 2595 572 2641 qun
589 2585 655 2638 snot,
667 2585 689 2629 et
713 2583 881 2630 Detrubuntur
895 2581 1015 2643 paulatim
1032 2580 1162 2627 deaurntae
1173 2591 1201 2625 ac
1213 2591 1249 2626 se-

160 2650 258 2695 emmor
274 2652 382 2696 erectius
398 2652 518 2709 tamqnam
534 2653 559 2697 in
570 2651 689 2709 jucerelnte
713 2647 1247 2710 ricaevestes,etvaeneuntdimidiominoris.

161 2717 342 2764 celeriterroino
357 2719 456 2777 pretioso
470 2722 492 2766 ct
507 2722 628 2779 unquentis
648 2733 689 2768 noe
713 2720 784 2767 Ponit
799 2733 857 2767 curn
869 2719 985 2778 lacrymis
999 2717 1153 2764 ornamenta
1164 2715 1249 2773 conjnx

160 2786 314 2845 impleamus,
332 2789 354 2833 et
373 2799 421 2833 noo
438 2791 562 2847 pretereat
584 2801 626 2836 nos
646 2790 689 2847 lios
712 2787 763 2845 iam
790 2787 897 2847 tristior,
919 2786 1102 2845 emineamus,
1123 2784 1247 2832 vendenda

161 2857 277 2914 temporis.
290 2857 431 2905 Gorommus
441 2869 484 2904 nos
494 2859 552 2904 rosis
564 2859 689 2916 antequem
713 2856 796 2903 vilius.
806 2857 833 2903 ln
848 2856 961 2904 auctione
976 2855 1051 2915 pueri
1067 2854 1249 2902 constituuntur

160 2926 304 2971 marcescant
311 2956 319 2981 ,
331 2926 422 2971 nullum
430 2928 524 2985 motum
534 2928 564 2972 sit
576 2929 689 2985 puerinon
714 2937 804 2972 mensae
819 2925 940 2983 ministri,
951 2926 977 2972 et
987 2925 1055 2971 male
1070 2924 1170 2971 adsueti
1180 2923 1190 2942 ⁸
1200 2936 1249 2970 em-

159 2994 305 3048 pcrtronseot
315 2993 413 3040 tuasne
423 2997 518 3050 nostra,
526 2994 610 3054 ubique
618 2996 690 3042 relio—
714 2992 792 3039 torem
803 2993 927 3039 avertunt.
936 2992 1044 3038 Ollertur
1052 2990 1162 3052 pecunia
1173 2990 1248 3038 credi·

161 3070 260 3115 quemue
274 3061 342 3118 egon
358 3062 455 3118 toetilioe,
468 3064 580 3121 quonium
593 3063 642 3109 lroeo
657 3067 690 3112 cst
715 3061 761 3107 lori
770 3074 777 3107 t
786 3061 953 3120 Vix‚4i11q11it‚
965 3061 1018 3108 haec
1041 3060 1118 3109 solvit
1138 3072 1251 3116 usuram,

158 3139 216 3185 pore
222 3156 230 3181 ,
239 3129 260 3172 et
270 3127 318 3172 bec
328 3131 361 3174 est
370 3142 420 3176 sors
431 3131 520 3176 nostra.
529 3131 559 3176 Et
569 3143 628 3178 vere
640 3144 690 3179 sors
714 3130 787 3188 caput
798 3129 881 3177 debes.

161 3193 239 3240 omnis
247 3194 346 3241 illorum
354 3195 417 3242 lacta
425 3198 463 3244 est
471 3210 478 3242 ε
487 3197 603 3246 tuantem
611 3213 690 3247 rema·
744 3199 783 3246 20.
795 3199 868 3246 Redit
879 3197 998 3246 exbansto
1011 3196 1169 3257 patrimonio
1181 3197 1244 3256 capl-

161 3275 206 3310 nes
215 3276 298 3311 exsors
308 3264 435 3312 bonorum.
714 3267 747 3315 tis
761 3280 831 3327 reus;
843 3269 869 3315 et
885 3267 1016 3314 imminuto
1034 3266 1149 3327 loeuore,
1161 3266 1248 3326 accipit

191 3333 230 3380 l8.
250 3334 302 3379 Non
321 3333 383 3382 tales
403 3335 480 3384 sortes
499 3336 545 3384 tibi
567 3336 690 3397 Scriptura
716 3335 827 3382 inducias
842 3335 962 3384 tristiores
981 3335 1096 3394 bellicis,
1114 3335 1249 3395 quasipost

161 3402 313 3449 monstravit.
322 3403 374 3448 Non
384 3403 449 3451 inter
458 3405 520 3452 tales
528 3407 603 3452 sortes
611 3406 690 3453 David
715 3405 818 3452 biduum
829 3405 992 3465 praeliaturus.
1008 3405 1037 3450 lu
1055 3405 1124 3452 bello
1135 3405 1204 3452 euim
1214 3406 1248 3450 in-

161 3473 260 3520 sanctus
270 3473 389 3519 memorat
402 3472 572 3521 dormiendum
587 3475 688 3522 diceus:
716 3474 782 3520 certa
798 3472 917 3530 victoria,
935 3472 977 3520 hic
994 3472 1064 3519 certa
1080 3473 1168 3533 inopia
1180 3486 1187 3518 :
1199 3473 1248 3518 illic

162 3543 189 3588 Si
203 3543 324 3589 dormiatis
337 3543 399 3588 inter
410 3544 497 3589 medios
509 3544 657 3590 roriconem
669 3543 689 3590 si
716 3555 741 3590 se
760 3543 846 3603 clypeo
863 3542 941 3601 tegit,
958 3542 1001 3588 hic
1019 3542 1105 3589 nudus
1122 3542 1246 3603 occurrit:

163 3607 190 3653 in
200 3610 282 3655 medio
293 3610 391 3657 illarum
400 3609 530 3658 dormisses
538 3611 654 3671 sortium,
666 3611 690 3658 ld
715 3611 767 3658 illic
784 3607 861 3657 lorica
876 3610 964 3670 pectus
981 3610 1106 3670 includit,
1123 3610 1167 3657 bic
1186 3610 1247 3657 totus

163 3675 212 3734 cst,
224 3679 317 3725 veteris
327 3680 353 3725 et
363 3679 421 3727 novi
431 3679 595 3740 Testamenti,
605 3693 654 3729 non
665 3682 689 3728 te
716 3691 813 3726 carcere
832 3678 967 3726 includitur
983 3692 989 3722 :
1006 3678 1062 3726 illie
1083 3690 1175 3725 manus
1195 3677 1248 3725 telis

162 3744 274 3802 pecvmiae
285 3747 407 3804 cupiditas
417 3749 443 3794 in
453 3749 593 3808 voraginem
609 3749 691 3797 deter-
716 3746 818 3806 onerat,
829 3747 908 3793 mmai
918 3744 1027 3805 sagittis,
1044 3745 1088 3792 lric
1099 3759 1152 3795 aere
1164 3757 1248 3794 vacuas

186 3874 196 3893 ³
204 3873 243 3910 Per
258 3877 384 3920 unquentum,
393 3875 488 3922 intellige
501 3877 574 3914 oleum
591 3880 691 3916 aromatis
737 3878 803 3916 'Mete
816 3877 902 3918 adsueti.
912 3875 953 3914 hoc
966 3879 1008 3924 est,
1021 3886 1066 3914 non
1079 3876 1152 3914 edocti
1160 3885 1175 3914 a
1188 3885 1246 3913 man-

164 3927 287 3971 conditums
302 3930 323 3964 et
332 3937 371 3975 per
384 3930 463 3974 specim.
474 3928 548 3966 odores
556 3935 622 3979 alque
638 3942 689 3970 aro·
715 3940 834 3984 gonc,quo
846 3934 907 3978 pacto
920 3933 1027 3967 emtorem
1039 3931 1130 3968 allicere
1148 3931 1246 3969 debeant:

164 3984 232 4026 mala,
247 3981 326 4029 quibus
339 3980 366 4018 nd
381 3980 464 4020 delicias
478 3981 601 4020 abutuntur
614 3986 689 4032 volup·
717 3985 750 4022 rel
762 3985 811 4021 orote
822 3984 907 4026 adsueti.
916 3983 958 4021 hoc
966 3986 1007 4024 ert.
1015 3983 1108 4027 deliciis.
1119 3994 1165 4022 non
1180 3986 1251 4022 aulem

164 4035 225 4071 lueri.
341 4043 347 4053 ·
717 4036 839 4074 utilioribus
846 4035 926 4074 artibus
936 4035 1023 4073 adsueti.

15 4352 185 4480 fl.
