2752 4806
211 388 270 443 xva
597 387 727 459 0111111
746 385 919 432 1111110011

213 466 301 534 ipsum
313 466 448 535 psalmum
457 465 569 534 explere
583 467 746 535 nonpotuit.
762 469 818 535 Ego
829 479 895 520 vero
910 462 938 518 id
953 460 1127 532 quod·visnm
1137 473 1154 517 a
1165 473 1210 516 me
1221 457 1288 513 1110·

212 543 272 608 111,
285 542 438 597 honorabili
449 543 509 596 viro
527 544 605 598 Casto
622 543 754 608 diacono,
773 544 825 598 sub
843 543 922 611 cujus
941 554 1008 594 cura
1026 538 1175 607 degebam,
1195 537 1291 591 statim

212 621 294 676 retuli
307 636 314 674 :
328 624 355 676 at
367 622 413 677 1110
424 624 545 691 repletus
557 623 646 692 gratia
655 623 722 688 bei,
735 623 853 691 Spiritus
864 621 953 676 saneti
970 617 1119 673 adventum
1136 630 1181 672 me
1195 616 1224 669 in
1241 616 1290 669 1110

214 698 315 754 vidisse
327 699 437 755 edocuit
448 701 567 756 lectione
578 701 699 756 ictuum
712 701 906 769 apostolorum.

245 779 289 833 15.
308 780 501 848 Superioribus
519 783 614 834 autem
628 780 727 835 diebus
739 794 803 834 eum
820 777 959 833 stiliconis
977 779 1043 832 tunc
1058 775 1166 830 comitis
1176 786 1290 836 servus,

175 921 181 938 Ι
213 856 262 928 qui
273 857 407 911 daemonio
418 858 605 922 laboraverat,
622 859 650 910 in
666 857 844 911 Ambrosiam
860 855 975 911 basilica
984 855 1042 924 jam
1053 867 1137 908 sanus
1147 854 1291 914 maneret,

214 936 420 991 commendatus
437 950 454 992 a
468 938 583 990 Domino
594 950 644 992 suo
652 952 659 1002 ;
672 935 814 991 terebatur
825 935 900 991 enim
917 934 993 1004 quod
1009 933 1129 988 libenter
1143 932 1177 985 ab
1191 929 1291 985 eodem

214 1014 363 1070 baberetur
377 1030 384 1068 :
397 1013 557 1085 laceretque
569 1014 651 1069 ialsas
662 1015 791 1084 epistolas
804 1014 978 1078 tribunatus,
995 1011 1145 1066 intantum
1161 1011 1193 1064 ut
1206 1011 1291 1063 teno-

214 1093 311 1148 rentur
319 1092 459 1163 homines,
472 1094 520 1164 qui
529 1094 564 1148 ad
576 1093 788 1148 ministrandum
795 1091 949 1161 pergebant
963 1105 970 1144 ε
982 1089 1032 1145 sed
1040 1089 1089 1144 ubi
1099 1089 1134 1144 ad
1145 1100 1293 1158 personam

214 1171 287 1226 servi
293 1171 336 1226 sui
346 1172 471 1240 pervenit
480 1185 571 1227 cemes
579 1173 689 1236 Stilico,
703 1168 1056 1226 noluitineumvindicare.
1069 1167 1197 1222 iiomincs
1206 1166 1293 1221 etiam

214 1247 264 1318 qui
277 1248 386 1318 decepti
398 1246 524 1315 inerant,
536 1250 696 1305 interventu
711 1248 865 1304 Sacerdotis
883 1247 1004 1312 dimisit,
1017 1246 1052 1301 de
1063 1245 1122 1316 ipso
1134 1259 1199 1300 vero
1211 1258 1293 1300 servo

215 1327 355 1382 Sacerdoti
372 1330 487 1398 questus
504 1329 555 1383 est
575 1330 663 1397 Quem
677 1329 721 1381 vir
735 1329 847 1382 sanctus
858 1341 923 1380 cum
935 1326 970 1382 de
980 1326 1096 1380 basilica
1111 1324 1293 1380 Ambrosiana

215 1404 411 1475 egrederetur,
423 1407 529 1477 requiri
538 1405 619 1472 feeit,
630 1408 715 1477 atque
726 1405 761 1461 ad
770 1420 799 1460 se
810 1404 937 1474 perduci.
949 1406 1039 1473 Quem
1050 1416 1114 1459 eum
1127 1403 1295 1472 interrogas-

216 1487 275 1550 set,
286 1487 314 1540 et
325 1485 550 1555 deprehendisset
562 1488 703 1541 auctorem
715 1484 785 1539 tanti
796 1484 912 1555 flagitii,
925 1483 979 1539 ait:
989 1505 1003 1532 u
1011 1483 1124 1552 Oportet
1132 1482 1210 1536 illum
1219 1479 1293 1536 tradi

218 1583 234 1612 ι
244 1565 346 1619 satanae
363 1564 391 1619 in
401 1564 547 1621 interitum
562 1565 668 1631 carnis,
680 1579 717 1619 ne
730 1564 795 1619 talia
811 1564 912 1634 aliquis
925 1564 1107 1632 inposterum
1121 1561 1223 1616 audeat
1239 1559 1294 1614 ad·

217 1665 234 1696 »
245 1645 365 1702 mittere.
380 1667 395 1694 »
410 1649 497 1715 Quem
509 1647 605 1704 eodem
622 1647 762 1716 momento
772 1659 836 1701 eum
853 1646 944 1700 adbuc
953 1658 1043 1700 sermo
1054 1646 1127 1700 esset
1137 1643 1166 1697 in
1177 1653 1225 1697 ore
1240 1643 1294 1695 Sa·

218 1724 351 1791 cerdotis,
361 1726 475 1796 spiritus
483 1726 641 1782 immundus
650 1727 792 1795 arreptum
800 1725 960 1794 discerpere
972 1724 1058 1793 coepit
1068 1739 1077 1777 :
1087 1738 1143 1794 quo
1151 1721 1226 1786 viso,
1237 1733 1294 1774 non

218 1805 332 1859 minimo
341 1806 440 1861 timore
448 1805 548 1875 repleti
559 1820 655 1860 sumus
666 1807 694 1860 et
706 1805 898 1859 admiratione.
910 1804 1007 1858 blultos
1019 1803 1104 1857 etiam
1114 1801 1212 1856 diebus
1223 1799 1294 1864 illis,

218 1883 376 1954 imponente
393 1885 439 1938 illo
458 1898 572 1949 manus,
590 1885 619 1939 et
637 1883 791 1954 imperante
808 1883 843 1939 ab
855 1882 998 1952 spiritibus
1014 1879 1163 1936 immundis
1174 1879 1296 1935 vidimus

218 1966 426 2035 cssepurgatos

251 2043 295 2096 tt.
308 2045 360 2097 Per
371 2042 444 2098 idem
455 2044 564 2113 tempus
574 2043 716 2100 Nicentius
728 2043 842 2115 quidam
853 2057 887 2100 ex
899 2043 1012 2098 tribuno
1023 2041 1052 2098 et
1062 2037 1184 2105 11011110,
1196 2038 1245 2109 qui
1255 2037 1295 2093 ita

218 2119 321 2190 pedum
332 2121 425 2177 dolore
437 2123 599 2187 tenebatur,
614 2125 646 2177 ut
663 2137 726 2176 raro
743 2124 772 2177 in
789 2124 899 2192 publico
917 2122 1073 2186 videretur3
1087 2133 1151 2174 cum
1161 2119 1196 2173 ad
1207 2118 1296 2172 altare

219 2200 393 2267 accessisset,
414 2203 445 2255 ut
462 2202 634 2256 sacramenta
654 2202 835 2270 perciperet,
847 2202 1026 2271 calcatusque
1044 2214 1110 2254 casu
1121 2212 1137 2252 a
1148 2196 1296 2253 Sacerdote

219 2279 413 2347 exclamasset,
425 2278 530 2336 audivit
543 2293 550 2332 :
564 2300 578 2327 ιι
590 2279 681 2344 Vade,
695 2282 722 2334 et
735 2277 833 2333 amodo
850 2280 941 2333 salvus
958 2279 1024 2333 eris.
1042 2299 1057 2326 »
1069 2280 1124 2332 Nec
1135 2291 1165 2330 00
1176 2274 1297 2344 amplius

219 2358 337 2416 doluisse
351 2359 451 2429 pedes,
463 2360 588 2429 tempore
600 2372 655 2430 quo
667 2359 779 2413 sanetus
796 2356 928 2413 Sacerdos
945 2356 981 2412 de
999 2356 1051 2412 bac
1069 2356 1132 2412 luce
1148 2354 1296 2424 migravit,

220 2438 348 2507 lacrymis
357 2441 520 2494 testabatur.
551 2474 554 2479 -

252 2517 295 2570 uo.
311 2516 364 2572 Sed
374 2520 435 2586 post
446 2517 504 2573 dies
510 2519 580 2584 bos,
594 2517 718 2574 ordinato
729 2518 871 2574 sacerdote
883 2511 1011 2571 Ecclesiae
1028 2512 1183 2580 ticinensi,
1198 2512 1297 2567 incidit

220 2594 249 2647 in
259 2593 462 2663 infirmitatem,
472 2612 527 2668 qua
539 2610 603 2651 cum
609 2598 735 2666 plurimis
746 2597 844 2652 diebus
855 2597 1030 2652 detineretur
1039 2596 1068 2649 in
1077 2595 1193 2659 lectulo,
1204 2606 1297 2646 comcs

219 2672 785 2746 811110011110001011111011011,1111101110
801 2675 949 2731 recedente
966 2675 1001 2731 de
1019 2688 1148 2744 corpore,
1167 2672 1296 2728 interitus

161 2816 163 2820 Ι
220 2750 376 2810 immineret
387 2754 480 2809 1111111.
493 2754 570 2810 Unde
582 2755 735 2810 convocatis
747 2753 782 2809 ad
794 2769 823 2810 se
836 2754 973 2809 nobilibus
990 2753 1057 2808 viris
1073 2753 1146 2808 illius
1161 2752 1294 2815 civitatis,

219 2845 289 2902 quos
299 2831 377 2903 diligi
389 2848 406 2889 a
416 2835 511 2889 sancto
521 2834 667 2891 Sacerdote
684 2837 863 2905 cognoverat,
882 2834 983 2903 partim
1000 2833 1193 2888 interminatus
1204 2834 1246 2887 est
1259 2832 1297 2884 il-

220 2911 268 2976 lis,
281 2913 382 2980 partim
392 2913 493 2968 blando
504 2928 631 2970 sermone
642 2914 795 2983 persuasit,
809 2916 840 2968 ut
853 2915 1002 2984 pergerent
1016 2913 1052 2967 ad
1063 2914 1189 2966 sanctum
1201 2914 1299 2965 sacer-

221 2989 329 3054 dotem,
339 2991 544 3063 suaderentque
550 2993 605 3057 illi,
618 2992 827 3048 utsibivivendi
836 2994 945 3062 peteret
955 2993 1093 3047 abomino
1102 2993 1295 3046 commeatum.

220 3068 299 3136 Quod
311 3069 357 3125 ille
367 3071 417 3125 ubi
429 3072 464 3126 ab
476 3071 528 3126 11110
544 3071 667 3137 audivit,
687 3072 827 3142 respondit
841 3087 848 3125 :
863 3093 879 3120 «
891 3075 949 3126 Non
967 3071 1006 3126 ita
1024 3071 1097 3126 inter
1114 3084 1161 3124 vos
1179 3069 1251 3135 vixi,
1265 3071 1297 3123 ut

220 3167 236 3196 n
248 3149 351 3218 pudeat
359 3164 404 3206 me
413 3151 507 3209 vivere
518 3166 526 3207 t
536 3166 588 3207 nec
597 3152 682 3207 timeo
692 3152 762 3206 mori
769 3168 777 3218 ;
788 3152 855 3222 quia
864 3152 1012 3207 bominum
1022 3153 1125 3206 bonum
1135 3150 1297 3204 babemus.»

252 3228 296 3283 16.
313 3229 365 3283 Ρο1
377 3228 450 3285 idem
461 3232 570 3300 tempus
581 3246 645 3287 cum
657 3231 686 3285 in
697 3233 823 3288 extrema
835 3232 913 3300 parte
929 3231 1051 3300 porticus
1065 3231 1093 3284 in
1105 3244 1161 3300 qua
1169 3228 1295 3298 jacebat,

221 3308 250 3363 in
261 3321 317 3364 uno
329 3308 411 3378 positi
425 3312 535 3377 Castus,
549 3311 701 3378 Polemius,
717 3310 852 3371 Venerius
870 3313 898 3366 et
914 3310 988 3364 Felix
1001 3312 1070 3364 tunc
1082 3308 1190 3364 diaconi
1201 3321 1297 3362 secum

221 3389 371 3446 tractarent
379 3403 446 3444 voce
458 3388 496 3444 ita
504 3404 613 3461 pressa,
624 3391 656 3445 ut
666 3390 712 3444 vix
720 3404 750 3445 se
760 3388 879 3445 invicem
888 3388 1034 3453 audirent,
1045 3389 1107 3458 quis
1120 3387 1181 3456 post
1189 3386 1297 3440 obitum

221 3468 294 3525 illius
312 3471 456 3541 episcopus
474 3469 641 3526 ordinandus
652 3472 740 3535 esset,
753 3471 838 3540 atque
850 3484 915 3524 cum
927 3469 1084 3525 denomino
1096 3469 1184 3523 sancti
1196 3469 1298 3536 loque-

221 3550 319 3605 rentur
335 3549 521 3620 Simplieiani,
539 3551 681 3622 tamquam
698 3549 843 3605 interesset
861 3549 1007 3615 tractatui,
1027 3563 1091 3603 cum
1102 3549 1182 3618 longe
1193 3547 1299 3616 positus

221 3628 256 3680 ab
274 3627 340 3696 ipsis
354 3629 477 3698 jaceret,
495 3631 649 3700 approbans
667 3629 829 3685 exclamavit
847 3629 929 3684 tertio
943 3644 950 3684 ε
965 3650 980 3677 «
992 3631 1095 3693 senex,
1108 3627 1157 3683 sed
1168 3628 1267 3680 bonus.
1283 3647 1298 3673 n

222 3706 286 3760 11111
296 3705 370 3760 enim
382 3707 574 3776 Simplicianus
585 3708 637 3763 1011
648 3710 781 3763 maturus.
802 3709 862 3776 Qua
880 3721 947 3763 voce
959 3706 1069 3772 audita,
1082 3707 1299 3776 expavescentes

221 3783 369 3854 ingerunt3
385 3784 516 3841 deiuncto
532 3789 626 3842 tamen
642 3801 690 3852 eo,
704 3801 758 3841 non
775 3786 844 3841 alius
857 3786 896 3840 illi
909 3785 1043 3842 successit
1054 3785 1083 3840 in
1095 3783 1296 3848 sacerdotium,

223 3863 276 3919 nisi
289 3863 311 3918 is
321 3878 405 3934 quern
423 3864 469 3920 ille
485 3865 589 3919 bonum
606 3879 701 3921 senem
712 3866 785 3920 trina
797 3879 864 3922 voce
880 3864 1047 3936 signaverat.
1062 3864 1111 3920 Cui
1122 3863 1299 3932 Simpliciano

222 3943 370 4008 Venerius,
383 3957 467 4014 quem
478 3956 562 4012 supra
572 3945 799 4010 memoravimus,
811 3958 954 4000 successor
966 3942 1021 3999 init
1035 3958 1042 3998 2
1056 3943 1132 3999 Felix
1144 3954 1211 3997 vero
1223 3956 1300 3995 nune

222 4036 311 4095 usque
322 4021 520 4078 Bononiensem
532 4022 604 4094 regit
614 4023 762 4081 Ecclesiam
777 4038 783 4076 :
797 4025 891 4080 castus
902 4025 996 4081 autem
1008 4024 1036 4079 et
1049 4021 1186 4079 Polemios
1199 4021 1299 4076 nutriti
