2752 4806
148 395 177 440 ra
523 392 656 438 sancus
675 368 851 437 ansnosrr

145 478 227 536 risque
238 477 264 524 et
279 475 405 536 congruit,
420 475 455 522 sic
472 475 548 522 babet
559 489 565 521 :
577 477 608 522 nt
618 475 670 534 spa·-
696 475 779 520 ncbrae
795 473 948 533 superfusae,
964 471 1021 531 quia
1040 471 1153 537 noudum
1176 471 1230 520 crat

145 548 204 593 ritas
215 547 259 592 Del
274 545 363 603 {avebat
374 558 462 604 aquas,
478 544 504 590 id
516 545 553 591 est
561 543 672 591 vivifiea·
696 542 781 589 lumen
794 544 858 602 diei,
872 543 981 589 noudum
995 541 1055 588 solis
1071 541 1172 601 radius,
1187 541 1229 601 qui

145 614 200 672 bat,
213 615 240 660 ut
255 614 280 660 in
295 625 371 660 novas
382 613 481 672 cogeret
496 613 621 659 creaturas
630 645 637 670 ,
647 613 673 658 et
696 612 758 658 solet
777 615 803 659 et
819 612 865 659 sub
880 611 952 670 aquis
968 610 1074 656 latentia
1089 608 1227 656 declarare.

144 682 197 729 totu
208 695 250 729 suo
261 682 380 729 animaret
392 683 423 728 ad
432 682 518 728 vitam.
526 682 585 726 llam
597 680 671 726 ctiam
696 680 760 736 Quid
772 693 829 740 ergo
839 681 926 728 dicunt
943 678 1009 738 quod
1020 680 1087 726 Deus
1105 677 1229 727 creaverit

144 751 262 810 Spiritum
274 752 385 798 sanctium
400 751 505 809 legimus
521 749 671 807 creatorem,
697 749 802 808 malum,
819 754 875 796 cum
895 760 928 796 ex
938 747 1067 795 contrariis
1079 748 1107 794 et
1117 746 1229 795 adversis

144 818 240 866 dicente
248 820 303 877 Job,
312 821 411 878 Spiritus
421 821 509 866 divinas
519 821 560 878 qai
567 819 619 877 fecit
626 831 671 864 me.
697 830 852 878 nequaquam
870 818 919 865 sibi
937 817 1040 864 adversa
1058 814 1228 875 generentur!

143 888 201 935 Sive
212 900 269 946 ergo
277 888 382 948 Spiritus
393 888 490 934 sanctus
503 884 673 944 superiereba-
697 890 745 935 Nec
757 889 823 935 enim
833 885 1227 946 vitamortemgenerat,neclu1

143 961 185 1004 tur
195 971 270 1017 super
279 970 367 1017 aquas,
379 956 488 1003 tenebrae
496 955 673 1002 contrariarum
698 958 821 1005 tenebras.
832 960 884 1005 Non
895 957 964 1004 enirn·
971 956 1036 1003 sicut
1045 955 1228 1002 mutabilitates

143 1027 264 1075 vinnium
274 1039 348 1086 super
359 1038 400 1072 eas
411 1037 463 1072 esse
476 1036 526 1071 non
541 1024 672 1083 poterant,
699 1026 840 1085 affectuum,
848 1026 965 1074 itaetiam
974 1025 1164 1085 generationum
1171 1035 1227 1085 pro·

143 1096 187 1142 ubi
197 1098 279 1144 locum
290 1095 337 1143 sibi
350 1095 416 1143 tanta
427 1094 505 1153 gratia
515 1093 672 1140 vindicabat:
697 1094 832 1152 gressiones
848 1096 914 1142 sunt.
931 1095 982 1141 lllae
1001 1106 1035 1141 ex
1054 1093 1189 1142 contrariis
1201 1094 1227 1140 iu

143 1164 212 1222 sive,
232 1165 261 1211 ut
278 1164 377 1222 quidam
395 1163 495 1224 volunt,
507 1173 589 1209 aerem
607 1161 673 1207 acci·
697 1164 819 1210 contraria
839 1162 955 1222 prepositi
969 1161 1110 1209 deflexione
1126 1161 1227 1209 vertun-

143 1231 227 1290 piant,
245 1232 409 1290 respondeant
423 1243 470 1290 qua
488 1232 583 1277 ratione
595 1229 673 1289 Spiri·
698 1231 754 1276 tur:
765 1231 817 1277 istae
834 1243 883 1278 non
895 1244 928 1278 ex
943 1230 1072 1277 contrariis
1084 1229 1111 1275 in
1123 1229 1226 1276 adversa

143 1300 196 1346 turn
209 1299 256 1346 Dei
275 1299 382 1357 dixerit,
391 1310 449 1346 cum
459 1297 518 1346 satis
534 1297 611 1345 fuerit
622 1298 673 1356 spi·
698 1298 878 1359 deflectuntur,
895 1299 940 1346 sed
955 1311 988 1345 ex
1004 1297 1117 1356 eiusdem
1129 1296 1227 1356 generis

143 1368 219 1414 ritum
233 1379 386 1426 nuncupare.
697 1366 737 1412 vel
757 1368 912 1427 auctoribus,
925 1367 967 1414 vel
982 1367 1063 1414 causis
1082 1367 1189 1424 ereata,
1201 1365 1226 1412 ln

173 1437 214 1483 50.
233 1436 266 1482 lli
282 1449 341 1494 ergo
359 1435 447 1483 volunt
467 1447 481 1482 a
500 1433 601 1482 domino
620 1435 671 1481 Deo
698 1434 886 1484 similitudinem
901 1437 940 1483 sul
954 1433 1224 1483 referunturauctoris.

145 1505 229 1552 nostro
246 1506 351 1564 quatuor
365 1505 475 1565 primum
492 1504 616 1551 elementa
629 1515 673 1563 ge-
727 1505 766 1550 51.
787 1504 851 1562 Quid
872 1505 947 1564 igitur
969 1501 1094 1551 dicemus?
1111 1503 1138 1550 Si
1160 1502 1225 1549 enirn

145 1575 243 1632 nerata,
253 1575 356 1633 coelum,
365 1575 473 1631 terram,
484 1586 552 1620 mare
560 1605 567 1631 ,
576 1584 671 1630 aerem3
697 1574 836 1631 nequesine
843 1572 965 1632 principio
972 1573 1019 1630 est,
1025 1570 1096 1630 quasi
1104 1570 1224 1628 increata,

145 1653 174 1688 eo
189 1642 256 1702 quod
269 1654 347 1689 causae
370 1654 466 1700 rerum,
485 1641 549 1700 ignis
566 1642 592 1687 et
612 1653 671 1698 aer,
698 1652 777 1699 neque
788 1641 952 1700 abeoiacta,
968 1641 1033 1688 unde
1051 1639 1128 1686 babet
1138 1641 1225 1686 natura

144 1710 211 1757 terra
224 1713 251 1758 et
264 1723 330 1770 aqua
347 1711 411 1767 sint,
430 1723 462 1757 ex
480 1711 570 1769 quibus
586 1709 672 1756 mundi
697 1708 903 1756 malitiamtltam
910 1709 1127 1756 malaesseinboc
1135 1708 1225 1755 mundo

145 1779 240 1837 species
251 1780 344 1827 constat
352 1780 379 1826 et
388 1780 473 1827 torma.
486 1780 534 1826 Ubi
550 1779 624 1838 igitur
634 1777 673 1824 te'-
697 1777 780 1824 nullus
795 1778 892 1837 sepiem
903 1776 1050 1837 denegavit,
1063 1789 1120 1835 cum
1131 1776 1166 1824 sit
1175 1777 1224 1824 tam

145 1850 228 1895 nebrae
243 1849 410 1909 nequitiarum
425 1848 576 1908 spiritalium
591 1849 671 1894 locum
697 1844 812 1906 frequens
827 1847 854 1892 in
871 1847 917 1893 hoc
927 1847 1108 1906 saeculolapsus
1117 1845 1151 1892 ad
1160 1857 1225 1893 mor-

145 1916 238 1965 babere
248 1917 395 1977 potuerunt,
412 1929 469 1964 cum
481 1918 589 1977 augustae
599 1917 672 1975 bujns
697 1913 757 1960 tem.
767 1915 815 1962 Sed
824 1927 856 1961 ex
865 1914 896 1962 iis
907 1928 962 1974 quae
970 1915 1022 1972 jam
1033 1915 1144 1961 diximus
1153 1946 1162 1974 ,
1170 1926 1224 1974 pos·

144 1984 671 2046 decoremliguraemundusinduerethum-
697 1994 779 2030 sumus
807 1982 922 2042 colligere
952 1983 1010 2042 quia
1033 1995 1083 2030 non
1105 1984 1144 2031 est
1168 1984 1224 2031 viva
1261 2032 1264 2037 ,

144 2055 205 2113 quid
215 2056 289 2103 simul
299 2056 419 2103 malitiam
430 2056 495 2102 Deus
505 2053 671 2102 creavitlsed
697 2052 851 2110 substantia,
872 2052 916 2099 sed
935 2051 1026 2099 mentis
1046 2053 1120 2111 atque
1147 2052 1223 2099 animi

146 2135 176 2169 oa
193 2135 225 2169 ex
241 2124 311 2170 nobis
326 2126 397 2182 orta,
414 2135 488 2170 nona
501 2124 611 2170 creatore
619 2125 671 2170 Deo
697 2119 853 2178 depravatio,
870 2133 885 2166 a
904 2120 1003 2167 tramite
1018 2120 1119 2168 virtutis
1135 2119 1224 2176 deuia,

145 2191 355 2250 condita,morum
367 2191 670 2251 levitategeneratur,non
696 2201 750 2248 quae
769 2189 947 2235 incuriosorum
965 2188 1055 2235 animis
1076 2200 1153 2247 quam
1175 2188 1224 2236 tre-

145 2259 220 2305 ullam
236 2258 355 2306 creaturae
366 2259 670 2319 babenspraerogativam,
696 2258 801 2317 quenter
820 2258 927 2317 obrepit.
943 2259 996 2304 lton
1011 2257 1086 2317 igitur
1096 2257 1128 2304 ab
1138 2258 1224 2304 extra·

144 2339 192 2374 nec
203 2327 376 2377 auctoritatem
386 2328 527 2376 substantiae
535 2329 670 2386 naturalis,
696 2327 750 2373 neis
759 2327 796 2374 est
806 2327 878 2374 nobis
886 2326 1070 2385 ‚quamanobis
1075 2325 1135 2384 ipsis
1144 2327 1223 2384 majus

145 2397 187 2442 sed
206 2397 378 2444 mutabilitatis
392 2397 498 2454 vitium,
518 2397 543 2443 et
563 2408 670 2443 errorem
695 2395 842 2455 periculum.
853 2396 920 2442 latus
930 2393 1223 2452 estadrersarius,intus

104 2459 113 2470 ‘
145 2465 314 2523 prolapsionis.
329 2466 452 2512 Eradicari
466 2467 529 2512 banc
540 2466 606 2513 Deus
616 2466 671 2512 vult
695 2466 779 2511 auctor
790 2465 893 2522 erroris,
906 2464 985 2522 intus,
996 2463 1114 2522 inquam,
1125 2463 1222 2510 clausus

145 2532 176 2576 de
193 2533 282 2579 animis
295 2533 460 2591 singulorum,
477 2535 598 2593 quomodo
616 2546 669 2580 eam
696 2532 1222 2593 innobismetipsls.Propositumtuumspe·

144 2599 198 2656 ipse
209 2601 352 2659 generaret?
361 2603 453 2648 Clamat
460 2603 594 2661 Propheta:
603 2604 670 2650 Desi-
695 2602 793 2659 culare,
807 2602 920 2648 habitum
935 2601 984 2648 tuae
1000 2599 1090 2647 mentis
1105 2600 1221 2659 explora,

143 2669 191 2715 suile
199 2670 413 2718 amolitiisveatris.
425 2671 455 2716 Et
465 2672 588 2731 precipue
600 2684 670 2718 sanc·
695 2672 812 2717 excubias
820 2671 927 2718 obtende
934 2671 1065 2718 adversum
1072 2668 1165 2717 menits
1173 2671 1221 2716 tuae

145 2735 184 2783 tus
194 2738 669 2801 Davidzneaneamato,arrabonem,-
695 2739 866 2798 cogitationes,
878 2740 904 2788 et
919 2739 994 2786 animi
1010 2738 1168 2798 cupiditates.
1184 2738 1220 2783 'lu

144 2806 264 2862 quomodo
285 2820 343 2868 ergo
364 2809 388 2856 ei
406 2809 506 2856 initium
525 2822 540 2857 a
565 2810 669 2859 Domino
694 2806 747 2865 ipse
759 2808 804 2854 tibi
817 2821 924 2855 escausa
940 2806 1156 2867 improbitatis,tu
1169 2806 1221 2866 ipse

144 2872 247 2921 damus?
258 2875 306 2923 Sed
322 2877 375 2924 haee
386 2879 469 2937 opinio
484 2877 567 2926 feralis
584 2891 667 2926 eorum
694 2877 1017 2936 duxllagitiorumtuorum,
1030 2874 1223 2936 atqueiucentar

143 2942 187 2998 qui
204 2943 395 3000 perturbandam
413 2946 546 2993 Ecclesiam
565 2948 669 3004 putave-
694 2945 833 2993 criminum.
853 2947 917 3004 Quid
934 2948 1041 2994 alienam
1056 2945 1170 2992 naturam
1181 2956 1221 2991 ar·

143 3011 209 3057 runt.
221 3012 284 3058 ilinc
294 3013 441 3072 llarciones,
457 3015 515 3061 hinc
529 3015 668 3074 Valentini,
694 3015 768 3061 cessis
787 3015 818 3062 ad
841 3015 1025 3063 excusationem
1047 3014 1145 3062 tuorum
1167 3013 1222 3073 lap·

143 3077 201 3126 binc
212 3080 294 3138 pestes
305 3083 355 3129 illae
365 3083 554 3130 Manichaeorum
572 3082 668 3130 funesta
693 3082 779 3129 suum?
790 3084 887 3131 Utinam
898 3085 922 3131 te
940 3086 991 3143 ipse
1003 3095 1051 3130 non
1062 3082 1222 3141 impelleres,

142 3148 282 3196 sanctorum
307 3151 432 3198 montibus
450 3151 609 3209 tentaverunt
629 3153 668 3197 in·
694 3151 788 3198 utinam
804 3164 853 3199 non
869 3153 1051 3212 praecipitares,
1065 3150 1160 3197 utinam
1171 3161 1222 3197 non

142 3211 210 3263 ferre
225 3219 345 3279 contagia.
360 3219 424 3276 Quid
440 3220 511 3267 nobis
528 3220 555 3267 in
566 3220 618 3280 ipso
631 3223 668 3268 lu·
694 3219 832 3269 involveres
846 3224 889 3269 aut
908 3222 996 3269 studiis
1016 3219 1223 3268 immoderatiori-

143 3283 210 3330 mine
222 3286 279 3334 vitae
285 3287 401 3347 tenebras
409 3288 495 3335 mortis
503 3288 668 3348 inquirimus?
693 3290 752 3349 bus,
763 3292 807 3337 aut
821 3290 1005 3349 indignatione,
1023 3288 1066 3336 aut
1078 3287 1222 3347 cupiditati·

142 3354 265 3414 Scriptura
274 3355 468 3404 divinasalutem
478 3358 600 3417 suggerit,
610 3359 667 3406 vitae
692 3357 751 3416 bus,
762 3371 817 3418 quae
828 3371 871 3406 nos
881 3359 984 3405 inlaesos
994 3358 1064 3406 velut
1073 3355 1221 3416 quibusdam

142 3423 242 3471 odorem
258 3423 365 3484 fragrat,
381 3426 409 3472 ut
420 3425 568 3472 suavitatem
583 3427 667 3486 legens
692 3428 786 3473 retibus
805 3429 899 3475 tenent.
917 3429 948 3474 Et
963 3428 1031 3474 certe
1048 3426 1074 3472 in
1092 3424 1164 3470 nobis
1182 3426 1221 3472 est

142 3495 237 3554 capias,
245 3506 295 3541 non
306 3495 333 3542 ut
343 3495 475 3555 praecipitii
488 3495 619 3543 discrimen
631 3498 668 3543 in·
693 3495 813 3542 moderari
822 3496 917 3555 studia,
928 3496 1044 3542 cohibere
1056 3493 1220 3552 iracundiam,

143 3573 234 3608 curras.
253 3564 404 3623 Simpliciter
414 3566 483 3623 lege,
494 3565 589 3612 obomo
599 3599 606 3624 ,
618 3579 667 3613 non
692 3565 958 3622 coercerecupiditates
966 3579 973 3610 a
981 3565 1007 3610 in
1015 3563 1085 3610 nobis
1094 3563 1131 3609 est
1141 3562 1221 3608 etiam

142 3628 189 3674 tibi
200 3629 253 3688 ipse
264 3631 360 3678 foueam
375 3645 466 3691 pravus
473 3633 596 3694 interpres
608 3635 667 3681 eilo-
692 3634 818 3692 indulgere
831 3635 952 3693 luxuriae,
968 3633 1067 3680 adolere
1084 3632 1218 3691 libidines,

64 3721 66 3724 -
141 3697 209 3754 ‹lias3
234 3698 340 3755 simplex
362 3710 441 3746 sermo
463 3701 517 3758 est,
540 3703 667 3761 patefecit
691 3702 842 3748 inflammare
863 3702 1032 3762 iracundiam,
1053 3701 1095 3748 vel
1118 3699 1220 3747 inflam-

142 3767 203 3812 lleas
219 3767 301 3812 coelam
311 3769 334 3813 et
350 3769 447 3814 terram.
459 3768 527 3814 Fecit
537 3769 602 3828 quod
617 3781 665 3816 nou
691 3771 768 3817 manti
793 3783 879 3818 aurem
899 3770 1096 3830 accommodare,
1121 3769 1219 3816 elevari

142 3833 265 3892 erat,uou
276 3833 410 3892 quoderat.
427 3836 666 3886 ascenaentem
691 3839 767 3897 magis
785 3840 914 3899 superbia,
930 3840 1022 3886 eilundi
1038 3841 1065 3884 iu
1083 3839 1218 3897 saevitiam,

140 3902 227 3959 sibilis,
242 3915 275 3949 ex
286 3915 334 3961 quo
351 3901 415 3950 iacta
431 3905 482 3959 est,
500 3904 567 3962 erat,
578 3905 665 3955 eterat
689 3907 1219 3967 quamroprimibumilitate,diligereman·

141 3969 286 4029 invisibilis,
308 3971 366 4030 quia
395 3971 536 4018 exundabat
559 3985 621 4032 aqua
640 3975 664 4021 et
689 3975 853 4023 suetudinem.
872 3976 936 4033 Quid
960 3976 1073 4023 naturam
1098 3985 1218 4036 accusas,

139 4039 266 4099 operiebat
279 4051 347 4099 carn,
360 4042 385 4087 ct
396 4043 465 4088 crant
476 4052 550 4100 super
561 4054 615 4090 cam
626 4043 665 4089 tc·
689 4055 703 4090 o
714 4042 802 4091 bomo?
811 4045 891 4093 llabet
902 4046 945 4092 illa
954 4046 1025 4093 volut
1035 4044 1218 4105 impedimenta
