<?xml version="1.0" encoding="UTF-8"?>
<!DOCTYPE html PUBLIC "-//W3C//DTD XHTML 1.0 Transitional//EN"
    "http://www.w3.org/TR/xhtml1/DTD/xhtml1-transitional.dtd">
<html xmlns="http://www.w3.org/1999/xhtml" xml:lang="en" lang="en">
 <head>
  <title>
</title>
<meta http-equiv="Content-Type" content="text/html;charset=utf-8" />
  <meta name='ocr-system' content='tesseract 3.04.00' />
  <meta name='ocr-capabilities' content='ocr_page ocr_carea ocr_par ocr_line ocrx_word'/>
</head>
<body>
  <div class='ocr_page' id='page_1' title='image "./operaomnia02ambrgoog/operaomnia02ambrgoog_0237.png"; bbox 0 0 2752 4806; ppageno 0'>
   <div class='ocr_carea' id='block_1_1' title="bbox 146 406 845 457">
    <p class='ocr_par' dir='ltr' id='par_1_1' title="bbox 146 406 845 457">
     <span class='ocr_line' id='line_1_1' title="bbox 146 406 845 457; baseline -0.006 0"><span class='ocrx_word' id='word_1_1' title='bbox 146 406 196 457; x_wconf 63' lang='lat' dir='ltr'>m</span> <span class='ocrx_word' id='word_1_2' title='bbox 547 410 670 456; x_wconf 74' lang='lat' dir='ltr'>SANC&#39;H</span> <span class='ocrx_word' id='word_1_3' title='bbox 684 409 845 457; x_wconf 72' lang='lat' dir='ltr'>annnosu</span> 
     </span>
    </p>
   </div>
   <div class='ocr_carea' id='block_1_2' title="bbox 139 486 1263 3959">
    <p class='ocr_par' dir='ltr' id='par_1_2' title="bbox 143 486 1263 1768">
     <span class='ocr_line' id='line_1_2' title="bbox 145 486 1231 552; baseline 0.001 -15"><span class='ocrx_word' id='word_1_4' title='bbox 145 486 441 549; x_wconf 68' lang='lat' dir='ltr'>pudicitia,utexigatur</span> <span class='ocrx_word' id='word_1_5' title='bbox 449 491 675 540; x_wconf 76' lang='lat' dir='ltr'>omniumitamet</span> <span class='ocrx_word' id='word_1_6' title='bbox 698 489 896 538; x_wconf 79' lang='lat' dir='ltr'>mrcrisducem</span> <span class='ocrx_word' id='word_1_7' title='bbox 906 487 982 538; x_wconf 85' lang='lat' dir='ltr'>iutaee</span> <span class='ocrx_word' id='word_1_8' title='bbox 990 489 1231 552; x_wconf 74' lang='lat' dir='ltr'>ritiorom,anqu</span> 
     </span>
     <span class='ocr_line' id='line_1_3' title="bbox 146 555 1232 619; baseline 0.005 -17"><span class='ocrx_word' id='word_1_9' title='bbox 146 555 291 604; x_wconf 76' lang='lat' dir='ltr'>abimelech</span> <span class='ocrx_word' id='word_1_10' title='bbox 304 556 330 603; x_wconf 89' lang='lat' dir='ltr'>in</span> <span class='ocrx_word' id='word_1_11' title='bbox 340 569 443 605; x_wconf 82' lang='lat' dir='ltr'>uxorem</span> <span class='ocrx_word' id='word_1_12' title='bbox 453 559 501 606; x_wconf 84' lang='lat' dir='ltr'>sihi</span> <span class='ocrx_word' id='word_1_13' title='bbox 513 573 567 607; x_wconf 84' lang='lat' dir='ltr'>cam</span> <span class='ocrx_word' id='word_1_14' title='bbox 580 570 675 606; x_wconf 87' lang='lat' dir='ltr'>sumse-</span> <span class='ocrx_word' id='word_1_15' title='bbox 698 558 754 616; x_wconf 82' lang='lat' dir='ltr'>plus</span> <span class='ocrx_word' id='word_1_16' title='bbox 772 557 888 605; x_wconf 84' lang='lat' dir='ltr'>hahuerit</span> <span class='ocrx_word' id='word_1_17' title='bbox 904 558 1029 617; x_wconf 73' lang='lat' dir='ltr'>licentias,</span> <span class='ocrx_word' id='word_1_18' title='bbox 1039 570 1072 606; x_wconf 84' lang='lat' dir='ltr'>eo</span> <span class='ocrx_word' id='word_1_19' title='bbox 1083 559 1144 619; x_wconf 81' lang='lat' dir='ltr'>pius</span> <span class='ocrx_word' id='word_1_20' title='bbox 1153 557 1232 619; x_wconf 68' lang='lat' dir='ltr'>mute</span> 
     </span>
     <span class='ocr_line' id='line_1_4' title="bbox 146 623 1233 682; baseline 0.003 -12"><span class='ocrx_word' id='word_1_21' title='bbox 146 625 198 682; x_wconf 85' lang='lat' dir='ltr'>rat,</span> <span class='ocrx_word' id='word_1_22' title='bbox 209 625 235 671; x_wconf 89' lang='lat' dir='ltr'>et</span> <span class='ocrx_word' id='word_1_23' title='bbox 247 624 311 671; x_wconf 81' lang='lat' dir='ltr'>dixit</span> <span class='ocrx_word' id='word_1_24' title='bbox 321 623 346 670; x_wconf 88' lang='lat' dir='ltr'>ei</span> <span class='ocrx_word' id='word_1_25' title='bbox 361 624 387 670; x_wconf 92' lang='lat' dir='ltr'>in</span> <span class='ocrx_word' id='word_1_26' title='bbox 397 628 469 673; x_wconf 88' lang='lat' dir='ltr'>nocte</span> <span class='ocrx_word' id='word_1_27' title='bbox 485 628 551 674; x_wconf 91' lang='lat' dir='ltr'>Deus</span> <span class='ocrx_word' id='word_1_28' title='bbox 562 641 569 673; x_wconf 75' lang='lat' dir='ltr'>r</span> <span class='ocrx_word' id='word_1_29' title='bbox 581 628 674 674; x_wconf 80' lang='lat' dir='ltr'>Eccctu</span> <span class='ocrx_word' id='word_1_30' title='bbox 699 625 1020 673; x_wconf 72' lang='lat' dir='ltr'>commiseritcdhlmeleclr</span> <span class='ocrx_word' id='word_1_31' title='bbox 1036 626 1128 673; x_wconf 80' lang='lat' dir='ltr'>autem</span> <span class='ocrx_word' id='word_1_32' title='bbox 1142 625 1233 675; x_wconf 65' lang='lat' dir='ltr'>meot-</span> 
     </span>
     <span class='ocr_line' id='line_1_5' title="bbox 145 693 1233 754; baseline 0.003 -14"><span class='ocrx_word' id='word_1_33' title='bbox 145 695 252 740; x_wconf 73' lang='lat' dir='ltr'>morierr&#39;c</span> <span class='ocrx_word' id='word_1_34' title='bbox 270 695 364 753; x_wconf 85' lang='lat' dir='ltr'>propter</span> <span class='ocrx_word' id='word_1_35' title='bbox 383 696 511 742; x_wconf 67' lang='lat' dir='ltr'>nomicum.</span> <span class='ocrx_word' id='word_1_36' title='bbox 520 695 674 743; x_wconf 75' lang='lat' dir='ltr'>advertimus</span> <span class='ocrx_word' id='word_1_37' title='bbox 699 693 761 740; x_wconf 89' lang='lat' dir='ltr'>detis</span> <span class='ocrx_word' id='word_1_38' title='bbox 778 694 911 741; x_wconf 72' lang='lat' dir='ltr'>aestimatus</span> <span class='ocrx_word' id='word_1_39' title='bbox 928 695 961 742; x_wconf 91' lang='lat' dir='ltr'>sit</span> <span class='ocrx_word' id='word_1_40' title='bbox 978 695 1054 754; x_wconf 86' lang='lat' dir='ltr'>Deo,</span> <span class='ocrx_word' id='word_1_41' title='bbox 1071 696 1103 743; x_wconf 92' lang='lat' dir='ltr'>ut</span> <span class='ocrx_word' id='word_1_42' title='bbox 1120 693 1233 743; x_wconf 88' lang='lat' dir='ltr'>meruerit</span> 
     </span>
     <span class='ocr_line' id='line_1_6' title="bbox 145 759 1233 824; baseline 0.004 -17"><span class='ocrx_word' id='word_1_43' title='bbox 145 759 294 809; x_wconf 83' lang='lat' dir='ltr'>adulterium</span> <span class='ocrx_word' id='word_1_44' title='bbox 302 761 386 808; x_wconf 83' lang='lat' dir='ltr'>divino</span> <span class='ocrx_word' id='word_1_45' title='bbox 394 761 486 819; x_wconf 83' lang='lat' dir='ltr'>iudicio</span> <span class='ocrx_word' id='word_1_46' title='bbox 494 765 571 809; x_wconf 88' lang='lat' dir='ltr'>morte</span> <span class='ocrx_word' id='word_1_47' title='bbox 579 761 673 822; x_wconf 89' lang='lat' dir='ltr'>puniri.</span> <span class='ocrx_word' id='word_1_48' title='bbox 698 761 784 806; x_wconf 86' lang='lat' dir='ltr'>audire</span> <span class='ocrx_word' id='word_1_49' title='bbox 796 773 803 807; x_wconf 77' lang='lat' dir='ltr'>t</span> <span class='ocrx_word' id='word_1_50' title='bbox 815 764 847 809; x_wconf 82' lang='lat' dir='ltr'>iit</span> <span class='ocrx_word' id='word_1_51' title='bbox 867 775 907 822; x_wconf 84' lang='lat' dir='ltr'>epo</span> <span class='ocrx_word' id='word_1_52' title='bbox 925 765 1023 824; x_wconf 64' lang='lat' dir='ltr'>coenosi</span> <span class='ocrx_word' id='word_1_53' title='bbox 1042 765 1164 823; x_wconf 73' lang='lat' dir='ltr'>quonium</span> <span class='ocrx_word' id='word_1_54' title='bbox 1179 776 1233 824; x_wconf 78' lang='lat' dir='ltr'>puro</span> 
     </span>
     <span class='ocr_line' id='line_1_7' title="bbox 145 829 1263 893; baseline 0.002 -16"><span class='ocrx_word' id='word_1_55' title='bbox 145 829 250 889; x_wconf 83' lang='lat' dir='ltr'>ideoque</span> <span class='ocrx_word' id='word_1_56' title='bbox 260 829 354 876; x_wconf 75' lang='lat' dir='ltr'><strong>addidit</strong></span> <span class='ocrx_word' id='word_1_57' title='bbox 365 842 372 875; x_wconf 76' lang='grc' dir='ltr'><strong>ε</strong></span> <span class='ocrx_word' id='word_1_58' title='bbox 384 832 438 877; x_wconf 85' lang='lat' dir='ltr'>lioec</span> <span class='ocrx_word' id='word_1_59' title='bbox 453 835 531 878; x_wconf 65' lang='lat' dir='ltr'>ouum</span> <span class='ocrx_word' id='word_1_60' title='bbox 542 843 674 878; x_wconf 83' lang='lat' dir='ltr'>commoro·</span> <span class='ocrx_word' id='word_1_61' title='bbox 698 831 765 876; x_wconf 80' lang='lat' dir='ltr'>corde</span> <span class='ocrx_word' id='word_1_62' title='bbox 774 830 848 888; x_wconf 74' lang='lat' dir='ltr'>fecisti</span> <span class='ocrx_word' id='word_1_63' title='bbox 857 831 914 888; x_wconf 83' lang='lat' dir='ltr'>troc,</span> <span class='ocrx_word' id='word_1_64' title='bbox 924 843 971 878; x_wconf 83' lang='lat' dir='ltr'>rex</span> <span class='ocrx_word' id='word_1_65' title='bbox 981 844 1032 878; x_wconf 93' lang='lat' dir='ltr'>non</span> <span class='ocrx_word' id='word_1_66' title='bbox 1044 831 1203 890; x_wconf 83' lang='lat' dir='ltr'>afflictionis,</span> <span class='ocrx_word' id='word_1_67' title='bbox 1210 830 1234 879; x_wconf 62' lang='lat' dir='ltr'>d</span> <span class='ocrx_word' id='word_1_68' title='bbox 1260 886 1263 893; x_wconf 37' lang='grc' dir='ltr'>Ι</span> 
     </span>
     <span class='ocr_line' id='line_1_8' title="bbox 146 899 1234 959; baseline 0.001 -13"><span class='ocrx_word' id='word_1_69' title='bbox 146 900 246 946; x_wconf 73' lang='lat' dir='ltr'>turcum</span> <span class='ocrx_word' id='word_1_70' title='bbox 253 900 313 946; x_wconf 83' lang='lat' dir='ltr'>viro.</span> <span class='ocrx_word' id='word_1_71' title='bbox 324 899 403 945; x_wconf 80' lang='lat' dir='ltr'>Habet</span> <span class='ocrx_word' id='word_1_72' title='bbox 413 899 512 957; x_wconf 80' lang='lat' dir='ltr'>quidem</span> <span class='ocrx_word' id='word_1_73' title='bbox 523 900 601 946; x_wconf 91' lang='lat' dir='ltr'>omnis</span> <span class='ocrx_word' id='word_1_74' title='bbox 611 899 672 955; x_wconf 83' lang='lat' dir='ltr'>viri,</span> <span class='ocrx_word' id='word_1_75' title='bbox 698 899 833 956; x_wconf 70' lang='lat' dir='ltr'>AEpyptius,</span> <span class='ocrx_word' id='word_1_76' title='bbox 841 899 884 945; x_wconf 87' lang='lat' dir='ltr'>sed</span> <span class='ocrx_word' id='word_1_77' title='bbox 903 899 1150 959; x_wconf 82' lang='lat' dir='ltr'>munitionis‚quod</span> <span class='ocrx_word' id='word_1_78' title='bbox 1165 901 1234 947; x_wconf 82' lang='lat' dir='ltr'>Gera-</span> 
     </span>
     <span class='ocr_line' id='line_1_9' title="bbox 145 962 1235 1027; baseline 0.006 -17"><span class='ocrx_word' id='word_1_79' title='bbox 145 965 304 1023; x_wconf 80' lang='lat' dir='ltr'>mulierisque</span> <span class='ocrx_word' id='word_1_80' title='bbox 322 965 465 1011; x_wconf 80' lang='lat' dir='ltr'><strong>concubitus</strong></span> <span class='ocrx_word' id='word_1_81' title='bbox 483 966 552 1012; x_wconf 86' lang='lat' dir='ltr'>nulla</span> <span class='ocrx_word' id='word_1_82' title='bbox 568 962 672 1024; x_wconf 75' lang='lat' dir='ltr'>legitimi</span> <span class='ocrx_word' id='word_1_83' title='bbox 697 977 765 1024; x_wconf 90' lang='lat' dir='ltr'>rurn,</span> <span class='ocrx_word' id='word_1_84' title='bbox 777 967 1082 1027; x_wconf 75' lang='lat' dir='ltr'>quinospracrat‚docet</span> <span class='ocrx_word' id='word_1_85' title='bbox 1092 968 1235 1027; x_wconf 72' lang='lat' dir='ltr'>interpretu-</span> 
     </span>
     <span class='ocr_line' id='line_1_10' title="bbox 145 1032 1235 1095; baseline 0.005 -17"><span class='ocrx_word' id='word_1_86' title='bbox 145 1032 294 1079; x_wconf 89' lang='lat' dir='ltr'>matrimonii</span> <span class='ocrx_word' id='word_1_87' title='bbox 305 1034 369 1078; x_wconf 81' lang='lat' dir='ltr'><strong>sorte</strong></span> <span class='ocrx_word' id='word_1_88' title='bbox 381 1033 528 1090; x_wconf 87' lang='lat' dir='ltr'>celebratus,</span> <span class='ocrx_word' id='word_1_89' title='bbox 537 1044 605 1079; x_wconf 89' lang='lat' dir='ltr'>suam</span> <span class='ocrx_word' id='word_1_90' title='bbox 620 1033 672 1078; x_wconf 92' lang='lat' dir='ltr'>cul·</span> <span class='ocrx_word' id='word_1_91' title='bbox 698 1033 741 1080; x_wconf 87' lang='lat' dir='ltr'>tio.</span> <span class='ocrx_word' id='word_1_92' title='bbox 751 1034 804 1080; x_wconf 85' lang='lat' dir='ltr'>iton</span> <span class='ocrx_word' id='word_1_93' title='bbox 814 1046 871 1092; x_wconf 72' lang='lat' dir='ltr'>ergo</span> <span class='ocrx_word' id='word_1_94' title='bbox 883 1037 920 1082; x_wconf 88' lang='lat' dir='ltr'>est</span> <span class='ocrx_word' id='word_1_95' title='bbox 929 1035 1035 1081; x_wconf 89' lang='lat' dir='ltr'>dubium</span> <span class='ocrx_word' id='word_1_96' title='bbox 1048 1035 1152 1083; x_wconf 80' lang='lat' dir='ltr'>caetcris</span> <span class='ocrx_word' id='word_1_97' title='bbox 1160 1035 1235 1095; x_wconf 87' lang='lat' dir='ltr'>operi-</span> 
     </span>
     <span class='ocr_line' id='line_1_11' title="bbox 145 1100 1234 1160; baseline 0.004 -14"><span class='ocrx_word' id='word_1_98' title='bbox 145 1112 211 1160; x_wconf 85' lang='lat' dir='ltr'>pam.</span> <span class='ocrx_word' id='word_1_99' title='bbox 222 1100 314 1146; x_wconf 79' lang='lat' dir='ltr'>Discite</span> <span class='ocrx_word' id='word_1_100' title='bbox 326 1101 392 1146; x_wconf 84' lang='lat' dir='ltr'>enirn</span> <span class='ocrx_word' id='word_1_101' title='bbox 402 1101 444 1158; x_wconf 87' lang='lat' dir='ltr'>qui</span> <span class='ocrx_word' id='word_1_102' title='bbox 456 1101 488 1146; x_wconf 89' lang='lat' dir='ltr'>ad</span> <span class='ocrx_word' id='word_1_103' title='bbox 497 1101 600 1158; x_wconf 73' lang='lat' dir='ltr'>milam</span> <span class='ocrx_word' id='word_1_104' title='bbox 613 1100 673 1158; x_wconf 79' lang='lat' dir='ltr'>trap-</span> <span class='ocrx_word' id='word_1_105' title='bbox 696 1101 742 1147; x_wconf 85' lang='lat' dir='ltr'>hus</span> <span class='ocrx_word' id='word_1_106' title='bbox 751 1101 804 1159; x_wconf 86' lang='lat' dir='ltr'>ejus</span> <span class='ocrx_word' id='word_1_107' title='bbox 812 1102 1008 1160; x_wconf 66' lang='lat' dir='ltr'>indignationem</span> <span class='ocrx_word' id='word_1_108' title='bbox 1018 1103 1130 1149; x_wconf 84' lang='lat' dir='ltr'>Domini</span> <span class='ocrx_word' id='word_1_109' title='bbox 1138 1115 1191 1150; x_wconf 85' lang='lat' dir='ltr'>esse</span> <span class='ocrx_word' id='word_1_110' title='bbox 1199 1113 1234 1150; x_wconf 86' lang='lat' dir='ltr'>re·</span> 
     </span>
     <span class='ocr_line' id='line_1_12' title="bbox 145 1166 1234 1230; baseline 0.006 -16"><span class='ocrx_word' id='word_1_111' title='bbox 145 1167 249 1214; x_wconf 87' lang='lat' dir='ltr'>tismatis</span> <span class='ocrx_word' id='word_1_112' title='bbox 269 1167 387 1223; x_wconf 80' lang='lat' dir='ltr'>tenditis,</span> <span class='ocrx_word' id='word_1_113' title='bbox 404 1168 472 1213; x_wconf 81' lang='lat' dir='ltr'>velut</span> <span class='ocrx_word' id='word_1_114' title='bbox 493 1167 592 1226; x_wconf 85' lang='lat' dir='ltr'>quidam</span> <span class='ocrx_word' id='word_1_115' title='bbox 615 1166 671 1212; x_wconf 87' lang='lat' dir='ltr'>lidei</span> <span class='ocrx_word' id='word_1_116' title='bbox 696 1169 821 1227; x_wconf 83' lang='lat' dir='ltr'>vocatam,</span> <span class='ocrx_word' id='word_1_117' title='bbox 832 1169 876 1230; x_wconf 88' lang='lat' dir='ltr'>qut</span> <span class='ocrx_word' id='word_1_118' title='bbox 887 1181 946 1218; x_wconf 83' lang='lat' dir='ltr'>rere</span> <span class='ocrx_word' id='word_1_119' title='bbox 954 1170 1090 1218; x_wconf 83' lang='lat' dir='ltr'>interioris</span> <span class='ocrx_word' id='word_1_120' title='bbox 1101 1168 1234 1220; x_wconf 79' lang='lat' dir='ltr'>arbitereal</span> 
     </span>
     <span class='ocr_line' id='line_1_13' title="bbox 145 1234 1234 1293; baseline 0.004 -12"><span class='ocrx_word' id='word_1_121' title='bbox 145 1234 281 1292; x_wconf 88' lang='lat' dir='ltr'>candidati,</span> <span class='ocrx_word' id='word_1_122' title='bbox 293 1234 450 1281; x_wconf 75' lang='lat' dir='ltr'>continentiae</span> <span class='ocrx_word' id='word_1_123' title='bbox 466 1235 618 1293; x_wconf 78' lang='lat' dir='ltr'>disciplinam</span> <span class='ocrx_word' id='word_1_124' title='bbox 633 1247 672 1280; x_wconf 84' lang='lat' dir='ltr'>so·</span> <span class='ocrx_word' id='word_1_125' title='bbox 697 1235 900 1293; x_wconf 79' lang='lat' dir='ltr'>conscientiae,et</span> <span class='ocrx_word' id='word_1_126' title='bbox 909 1236 987 1282; x_wconf 88' lang='lat' dir='ltr'>animi</span> <span class='ocrx_word' id='word_1_127' title='bbox 1003 1248 1033 1282; x_wconf 89' lang='lat' dir='ltr'>ac</span> <span class='ocrx_word' id='word_1_128' title='bbox 1052 1237 1151 1283; x_wconf 81' lang='lat' dir='ltr'>mentis</span> <span class='ocrx_word' id='word_1_129' title='bbox 1166 1238 1234 1285; x_wconf 82' lang='lat' dir='ltr'>inter·</span> 
     </span>
     <span class='ocr_line' id='line_1_14' title="bbox 144 1300 1233 1363; baseline 0.006 -18"><span class='ocrx_word' id='word_1_130' title='bbox 144 1300 672 1360; x_wconf 81' lang='lat' dir='ltr'>lrriarn.ttuililicetsciremulierem,praetcr</span> <span class='ocrx_word' id='word_1_131' title='bbox 696 1314 761 1360; x_wconf 86' lang='lat' dir='ltr'>pres.</span> <span class='ocrx_word' id='word_1_132' title='bbox 772 1304 886 1363; x_wconf 81' lang='lat' dir='ltr'>Denique</span> <span class='ocrx_word' id='word_1_133' title='bbox 898 1305 991 1350; x_wconf 77' lang='lat' dir='ltr'>nonnt</span> <span class='ocrx_word' id='word_1_134' title='bbox 1004 1304 1108 1351; x_wconf 81' lang='lat' dir='ltr'>Pharao</span> <span class='ocrx_word' id='word_1_135' title='bbox 1125 1305 1169 1352; x_wconf 90' lang='lat' dir='ltr'>ille</span> <span class='ocrx_word' id='word_1_136' title='bbox 1182 1316 1233 1352; x_wconf 83' lang='lat' dir='ltr'>con·</span> 
     </span>
     <span class='ocr_line' id='line_1_15' title="bbox 145 1368 1233 1432; baseline 0.006 -18"><span class='ocrx_word' id='word_1_137' title='bbox 145 1379 256 1414; x_wconf 84' lang='lat' dir='ltr'>uxorem.</span> <span class='ocrx_word' id='word_1_138' title='bbox 275 1368 380 1427; x_wconf 88' lang='lat' dir='ltr'>ideoque</span> <span class='ocrx_word' id='word_1_139' title='bbox 399 1369 506 1428; x_wconf 75' lang='lat' dir='ltr'>coniugii</span> <span class='ocrx_word' id='word_1_140' title='bbox 523 1368 569 1414; x_wconf 86' lang='lat' dir='ltr'>tihi</span> <span class='ocrx_word' id='word_1_141' title='bbox 588 1368 671 1414; x_wconf 87' lang='lat' dir='ltr'>datum</span> <span class='ocrx_word' id='word_1_142' title='bbox 696 1371 819 1418; x_wconf 83' lang='lat' dir='ltr'>ventosa</span> <span class='ocrx_word' id='word_1_143' title='bbox 838 1373 934 1431; x_wconf 87' lang='lat' dir='ltr'>lioyse,</span> <span class='ocrx_word' id='word_1_144' title='bbox 945 1372 1079 1421; x_wconf 81' lang='lat' dir='ltr'>recusavit</span> <span class='ocrx_word' id='word_1_145' title='bbox 1101 1372 1129 1421; x_wconf 90' lang='lat' dir='ltr'>et</span> <span class='ocrx_word' id='word_1_146' title='bbox 1149 1372 1233 1432; x_wconf 75' lang='lat' dir='ltr'>sprevit</span> 
     </span>
     <span class='ocr_line' id='line_1_16' title="bbox 145 1435 1232 1499; baseline 0.006 -16"><span class='ocrx_word' id='word_1_147' title='bbox 145 1435 183 1483; x_wconf 82' lang='lat' dir='ltr'>est</span> <span class='ocrx_word' id='word_1_148' title='bbox 193 1436 248 1494; x_wconf 80' lang='lat' dir='ltr'>ius,</span> <span class='ocrx_word' id='word_1_149' title='bbox 257 1448 289 1481; x_wconf 93' lang='lat' dir='ltr'>ne</span> <span class='ocrx_word' id='word_1_150' title='bbox 300 1437 326 1482; x_wconf 93' lang='lat' dir='ltr'>in</span> <span class='ocrx_word' id='word_1_151' title='bbox 337 1438 452 1495; x_wconf 85' lang='lat' dir='ltr'>laqueum</span> <span class='ocrx_word' id='word_1_152' title='bbox 466 1436 573 1494; x_wconf 83' lang='lat' dir='ltr'>incidas,</span> <span class='ocrx_word' id='word_1_153' title='bbox 581 1436 606 1481; x_wconf 92' lang='lat' dir='ltr'>et</span> <span class='ocrx_word' id='word_1_154' title='bbox 616 1448 671 1482; x_wconf 90' lang='lat' dir='ltr'>cum</span> <span class='ocrx_word' id='word_1_155' title='bbox 696 1439 837 1487; x_wconf 87' lang='lat' dir='ltr'>mandatum</span> <span class='ocrx_word' id='word_1_156' title='bbox 844 1441 955 1499; x_wconf 89' lang='lat' dir='ltr'>Dei,nec</span> <span class='ocrx_word' id='word_1_157' title='bbox 964 1441 1124 1499; x_wconf 78' lang='lat' dir='ltr'>obsequium</span> <span class='ocrx_word' id='word_1_158' title='bbox 1131 1440 1232 1491; x_wconf 76' lang='lat' dir='ltr'>distulit!</span> 
     </span>
     <span class='ocr_line' id='line_1_17' title="bbox 144 1504 1233 1569; baseline 0.006 -19"><span class='ocrx_word' id='word_1_159' title='bbox 144 1504 226 1551; x_wconf 83' lang='lat' dir='ltr'>aliena</span> <span class='ocrx_word' id='word_1_160' title='bbox 243 1505 348 1552; x_wconf 89' lang='lat' dir='ltr'>muliere</span> <span class='ocrx_word' id='word_1_161' title='bbox 370 1504 506 1564; x_wconf 84' lang='lat' dir='ltr'>delinquas.</span> <span class='ocrx_word' id='word_1_162' title='bbox 524 1504 626 1550; x_wconf 86' lang='lat' dir='ltr'>Vinctus</span> <span class='ocrx_word' id='word_1_163' title='bbox 646 1515 672 1549; x_wconf 83' lang='lat' dir='ltr'>es</span> <span class='ocrx_word' id='word_1_164' title='bbox 696 1507 739 1553; x_wconf 91' lang='lat' dir='ltr'>sed</span> <span class='ocrx_word' id='word_1_165' title='bbox 757 1508 839 1554; x_wconf 88' lang='lat' dir='ltr'>statim</span> <span class='ocrx_word' id='word_1_166' title='bbox 858 1508 956 1555; x_wconf 83' lang='lat' dir='ltr'>vocavit</span> <span class='ocrx_word' id='word_1_167' title='bbox 973 1508 1123 1569; x_wconf 79' lang='lat' dir='ltr'>Abraham,</span> <span class='ocrx_word' id='word_1_168' title='bbox 1138 1517 1233 1557; x_wconf 73' lang='lat' dir='ltr'>more!</span> 
     </span>
     <span class='ocr_line' id='line_1_18' title="bbox 145 1572 1232 1636; baseline 0.005 -16"><span class='ocrx_word' id='word_1_169' title='bbox 145 1574 232 1631; x_wconf 84' lang='lat' dir='ltr'>uxori,</span> <span class='ocrx_word' id='word_1_170' title='bbox 247 1573 299 1620; x_wconf 89' lang='lat' dir='ltr'>noli</span> <span class='ocrx_word' id='word_1_171' title='bbox 314 1585 424 1632; x_wconf 75' lang='lat' dir='ltr'>quaerere</span> <span class='ocrx_word' id='word_1_172' title='bbox 443 1572 604 1630; x_wconf 70' lang='lat' dir='ltr'>solutionem</span> <span class='ocrx_word' id='word_1_173' title='bbox 616 1572 672 1631; x_wconf 87' lang='lat' dir='ltr'>quia</span> <span class='ocrx_word' id='word_1_174' title='bbox 695 1575 1046 1635; x_wconf 67' lang='lat' dir='ltr'>suameircddiditpretiose</span> <span class='ocrx_word' id='word_1_175' title='bbox 1058 1576 1120 1636; x_wconf 90' lang='lat' dir='ltr'>ipse</span> <span class='ocrx_word' id='word_1_176' title='bbox 1127 1575 1232 1625; x_wconf 71' lang='lat' dir='ltr'>ruulhrlt</span> 
     </span>
     <span class='ocr_line' id='line_1_19' title="bbox 145 1641 1232 1707; baseline 0.006 -19"><span class='ocrx_word' id='word_1_177' title='bbox 145 1653 195 1688; x_wconf 92' lang='lat' dir='ltr'>non</span> <span class='ocrx_word' id='word_1_178' title='bbox 211 1642 270 1689; x_wconf 90' lang='lat' dir='ltr'>licet</span> <span class='ocrx_word' id='word_1_179' title='bbox 286 1642 347 1699; x_wconf 81' lang='lat' dir='ltr'>tior,</span> <span class='ocrx_word' id='word_1_180' title='bbox 358 1653 436 1688; x_wconf 85' lang='lat' dir='ltr'>uxore</span> <span class='ocrx_word' id='word_1_181' title='bbox 446 1641 561 1698; x_wconf 79' lang='lat' dir='ltr'>vivente,</span> <span class='ocrx_word' id='word_1_182' title='bbox 570 1653 671 1686; x_wconf 87' lang='lat' dir='ltr'>uxorem</span> <span class='ocrx_word' id='word_1_183' title='bbox 696 1643 761 1700; x_wconf 88' lang='lat' dir='ltr'>quod</span> <span class='ocrx_word' id='word_1_184' title='bbox 777 1644 880 1691; x_wconf 80' lang='lat' dir='ltr'>vidisset</span> <span class='ocrx_word' id='word_1_185' title='bbox 897 1643 1022 1702; x_wconf 88' lang='lat' dir='ltr'>alienam,</span> <span class='ocrx_word' id='word_1_186' title='bbox 1032 1644 1126 1693; x_wconf 88' lang='lat' dir='ltr'>dotem</span> <span class='ocrx_word' id='word_1_187' title='bbox 1140 1644 1232 1707; x_wconf 77' lang='lat' dir='ltr'>pudori·</span> 
     </span>
     <span class='ocr_line' id='line_1_20' title="bbox 143 1709 811 1768; baseline 0.003 -12"><span class='ocrx_word' id='word_1_188' title='bbox 143 1709 315 1758; x_wconf 85' lang='lat' dir='ltr'>ducero.ltam</span> <span class='ocrx_word' id='word_1_189' title='bbox 336 1711 361 1756; x_wconf 90' lang='lat' dir='ltr'>et</span> <span class='ocrx_word' id='word_1_190' title='bbox 381 1709 454 1755; x_wconf 89' lang='lat' dir='ltr'>aliam</span> <span class='ocrx_word' id='word_1_191' title='bbox 474 1721 598 1768; x_wconf 76' lang='lat' dir='ltr'>quaerere,</span> <span class='ocrx_word' id='word_1_192' title='bbox 614 1721 670 1754; x_wconf 92' lang='lat' dir='ltr'>cum</span> <span class='ocrx_word' id='word_1_193' title='bbox 696 1711 811 1758; x_wconf 82' lang='lat' dir='ltr'>exsolvit.</span> 
     </span>
    </p>

    <p class='ocr_par' dir='ltr' id='par_1_3' title="bbox 139 1776 1232 3393">
     <span class='ocr_line' id='line_1_21' title="bbox 144 1776 1231 1840; baseline 0.006 -17"><span class='ocrx_word' id='word_1_194' title='bbox 144 1776 236 1824; x_wconf 84' lang='lat' dir='ltr'>trabeas</span> <span class='ocrx_word' id='word_1_195' title='bbox 243 1778 325 1835; x_wconf 89' lang='lat' dir='ltr'>tuam,</span> <span class='ocrx_word' id='word_1_196' title='bbox 336 1778 429 1824; x_wconf 83' lang='lat' dir='ltr'>crimen</span> <span class='ocrx_word' id='word_1_197' title='bbox 441 1779 478 1824; x_wconf 90' lang='lat' dir='ltr'>est</span> <span class='ocrx_word' id='word_1_198' title='bbox 488 1777 617 1835; x_wconf 89' lang='lat' dir='ltr'>adulterii,</span> <span class='ocrx_word' id='word_1_199' title='bbox 626 1778 671 1823; x_wconf 85' lang='lat' dir='ltr'>troc</span> <span class='ocrx_word' id='word_1_200' title='bbox 726 1778 833 1826; x_wconf 87' lang='lat' dir='ltr'>6l.}iinc</span> <span class='ocrx_word' id='word_1_201' title='bbox 840 1791 937 1840; x_wconf 79' lang='lat' dir='ltr'>qnoque</span> <span class='ocrx_word' id='word_1_202' title='bbox 945 1779 1033 1839; x_wconf 64' lang='lat' dir='ltr'>colligi</span> <span class='ocrx_word' id='word_1_203' title='bbox 1043 1780 1135 1840; x_wconf 90' lang='lat' dir='ltr'>potest</span> <span class='ocrx_word' id='word_1_204' title='bbox 1140 1780 1231 1829; x_wconf 78' lang='lat' dir='ltr'>Abina·</span> 
     </span>
     <span class='ocr_line' id='line_1_22' title="bbox 144 1844 1232 1908; baseline 0.006 -17"><span class='ocrx_word' id='word_1_205' title='bbox 144 1846 255 1902; x_wconf 72' lang='lat' dir='ltr'>gratim,</span> <span class='ocrx_word' id='word_1_206' title='bbox 265 1844 330 1903; x_wconf 89' lang='lat' dir='ltr'>quod</span> <span class='ocrx_word' id='word_1_207' title='bbox 340 1845 411 1904; x_wconf 87' lang='lat' dir='ltr'>putas</span> <span class='ocrx_word' id='word_1_208' title='bbox 425 1846 525 1903; x_wconf 86' lang='lat' dir='ltr'>peccato</span> <span class='ocrx_word' id='word_1_209' title='bbox 536 1846 578 1891; x_wconf 92' lang='lat' dir='ltr'>tuo</span> <span class='ocrx_word' id='word_1_210' title='bbox 588 1846 671 1890; x_wconf 90' lang='lat' dir='ltr'>aucto-</span> <span class='ocrx_word' id='word_1_211' title='bbox 695 1844 752 1893; x_wconf 87' lang='lat' dir='ltr'>lech</span> <span class='ocrx_word' id='word_1_212' title='bbox 760 1860 843 1906; x_wconf 67' lang='lat' dir='ltr'>regem</span> <span class='ocrx_word' id='word_1_213' title='bbox 851 1849 1014 1895; x_wconf 87' lang='lat' dir='ltr'>clementiora</span> <span class='ocrx_word' id='word_1_214' title='bbox 1022 1848 1232 1908; x_wconf 79' lang='lat' dir='ltr'>meruisse,qunt</span> 
     </span>
     <span class='ocr_line' id='line_1_23' title="bbox 144 1910 1230 1979; baseline 0.006 -21"><span class='ocrx_word' id='word_1_215' title='bbox 144 1910 242 1958; x_wconf 86' lang='lat' dir='ltr'>ritatem</span> <span class='ocrx_word' id='word_1_216' title='bbox 262 1912 316 1971; x_wconf 79' lang='lat' dir='ltr'>lege</span> <span class='ocrx_word' id='word_1_217' title='bbox 336 1913 501 1970; x_wconf 77' lang='lat' dir='ltr'>quarendum.</span> <span class='ocrx_word' id='word_1_218' title='bbox 512 1912 672 1958; x_wconf 79' lang='lat' dir='ltr'>Tolerabilior</span> <span class='ocrx_word' id='word_1_219' title='bbox 696 1914 815 1962; x_wconf 78' lang='lat' dir='ltr'>Abraham</span> <span class='ocrx_word' id='word_1_220' title='bbox 826 1928 870 1974; x_wconf 93' lang='lat' dir='ltr'>pro</span> <span class='ocrx_word' id='word_1_221' title='bbox 882 1928 911 1962; x_wconf 88' lang='lat' dir='ltr'>eo</span> <span class='ocrx_word' id='word_1_222' title='bbox 927 1916 1025 1975; x_wconf 76' lang='lat' dir='ltr'>rogarit</span> <span class='ocrx_word' id='word_1_223' title='bbox 1037 1918 1068 1964; x_wconf 91' lang='lat' dir='ltr'>et</span> <span class='ocrx_word' id='word_1_224' title='bbox 1084 1916 1230 1979; x_wconf 80' lang='lat' dir='ltr'>impetrarit.</span> 
     </span>
     <span class='ocr_line' id='line_1_24' title="bbox 144 1979 1230 2044; baseline 0.008 -19"><span class='ocrx_word' id='word_1_225' title='bbox 144 1979 210 2026; x_wconf 87' lang='lat' dir='ltr'>estsi</span> <span class='ocrx_word' id='word_1_226' title='bbox 221 1980 296 2026; x_wconf 88' lang='lat' dir='ltr'>lateat</span> <span class='ocrx_word' id='word_1_227' title='bbox 305 1981 467 2039; x_wconf 84' lang='lat' dir='ltr'>culpa,quanr</span> <span class='ocrx_word' id='word_1_228' title='bbox 479 1980 498 2026; x_wconf 91' lang='lat' dir='ltr'>si</span> <span class='ocrx_word' id='word_1_229' title='bbox 510 1981 588 2039; x_wconf 74' lang='lat' dir='ltr'>culpae</span> <span class='ocrx_word' id='word_1_230' title='bbox 600 1992 671 2026; x_wconf 88' lang='lat' dir='ltr'>usur·</span> <span class='ocrx_word' id='word_1_231' title='bbox 696 1983 793 2040; x_wconf 83' lang='lat' dir='ltr'>Peperit</span> <span class='ocrx_word' id='word_1_232' title='bbox 810 1985 877 2031; x_wconf 90' lang='lat' dir='ltr'>enim</span> <span class='ocrx_word' id='word_1_233' title='bbox 893 1983 917 2030; x_wconf 91' lang='lat' dir='ltr'>et</span> <span class='ocrx_word' id='word_1_234' title='bbox 932 1997 998 2032; x_wconf 84' lang='lat' dir='ltr'>uxor</span> <span class='ocrx_word' id='word_1_235' title='bbox 1017 1985 1093 2044; x_wconf 80' lang='lat' dir='ltr'>ejus,</span> <span class='ocrx_word' id='word_1_236' title='bbox 1106 1987 1135 2034; x_wconf 90' lang='lat' dir='ltr'>et</span> <span class='ocrx_word' id='word_1_237' title='bbox 1150 1984 1230 2033; x_wconf 68' lang='lat' dir='ltr'>aneillt</span> 
     </span>
     <span class='ocr_line' id='line_1_25' title="bbox 143 2046 1229 2113; baseline 0.008 -21"><span class='ocrx_word' id='word_1_238' title='bbox 143 2047 217 2106; x_wconf 90' lang='lat' dir='ltr'>petur</span> <span class='ocrx_word' id='word_1_239' title='bbox 227 2046 364 2093; x_wconf 80' lang='lat' dir='ltr'>auctoritas.</span> <span class='ocrx_word' id='word_1_240' title='bbox 374 2047 423 2093; x_wconf 84' lang='lat' dir='ltr'>Nec</span> <span class='ocrx_word' id='word_1_241' title='bbox 433 2048 479 2094; x_wconf 90' lang='lat' dir='ltr'>hoc</span> <span class='ocrx_word' id='word_1_242' title='bbox 494 2047 571 2093; x_wconf 90' lang='lat' dir='ltr'>solum</span> <span class='ocrx_word' id='word_1_243' title='bbox 582 2048 618 2094; x_wconf 88' lang='lat' dir='ltr'>est</span> <span class='ocrx_word' id='word_1_244' title='bbox 628 2048 672 2093; x_wconf 91' lang='lat' dir='ltr'>ad·</span> <span class='ocrx_word' id='word_1_245' title='bbox 696 2049 822 2110; x_wconf 84' lang='lat' dir='ltr'>ejus,qnas</span> <span class='ocrx_word' id='word_1_246' title='bbox 830 2051 888 2098; x_wconf 86' lang='lat' dir='ltr'>ante</span> <span class='ocrx_word' id='word_1_247' title='bbox 896 2053 1053 2100; x_wconf 78' lang='lat' dir='ltr'>concluserat</span> <span class='ocrx_word' id='word_1_248' title='bbox 1058 2052 1229 2113; x_wconf 76' lang='lat' dir='ltr'>Denspropter</span> 
     </span>
     <span class='ocr_line' id='line_1_26' title="bbox 144 2117 1230 2181; baseline 0.002 -16"><span class='ocrx_word' id='word_1_249' title='bbox 144 2120 275 2176; x_wconf 73' lang='lat' dir='ltr'>ultorium,</span> <span class='ocrx_word' id='word_1_250' title='bbox 284 2130 339 2165; x_wconf 92' lang='lat' dir='ltr'>cum</span> <span class='ocrx_word' id='word_1_251' title='bbox 349 2118 428 2164; x_wconf 88' lang='lat' dir='ltr'>aliena</span> <span class='ocrx_word' id='word_1_252' title='bbox 441 2131 542 2177; x_wconf 87' lang='lat' dir='ltr'>peccare</span> <span class='ocrx_word' id='word_1_253' title='bbox 553 2119 670 2177; x_wconf 80' lang='lat' dir='ltr'>conjuge,</span> <span class='ocrx_word' id='word_1_254' title='bbox 695 2117 779 2164; x_wconf 89' lang='lat' dir='ltr'>Saram</span> <span class='ocrx_word' id='word_1_255' title='bbox 793 2132 897 2166; x_wconf 84' lang='lat' dir='ltr'>uxorem</span> <span class='ocrx_word' id='word_1_256' title='bbox 907 2120 1012 2168; x_wconf 70' lang='lat' dir='ltr'>Abrahae</span> <span class='ocrx_word' id='word_1_257' title='bbox 1022 2134 1030 2167; x_wconf 78' lang='lat' dir='ltr'>t</span> <span class='ocrx_word' id='word_1_258' title='bbox 1042 2122 1116 2180; x_wconf 84' lang='lat' dir='ltr'>quod</span> <span class='ocrx_word' id='word_1_259' title='bbox 1128 2133 1195 2181; x_wconf 83' lang='lat' dir='ltr'>aeque</span> <span class='ocrx_word' id='word_1_260' title='bbox 1204 2118 1230 2167; x_wconf 82' lang='lat' dir='ltr'>ad</span> 
     </span>
     <span class='ocr_line' id='line_1_27' title="bbox 143 2185 1230 2248; baseline 0.001 -13"><span class='ocrx_word' id='word_1_261' title='bbox 143 2187 188 2235; x_wconf 86' lang='lat' dir='ltr'>sed</span> <span class='ocrx_word' id='word_1_262' title='bbox 204 2199 276 2234; x_wconf 91' lang='lat' dir='ltr'>omne</span> <span class='ocrx_word' id='word_1_263' title='bbox 290 2185 354 2245; x_wconf 86' lang='lat' dir='ltr'>quod</span> <span class='ocrx_word' id='word_1_264' title='bbox 370 2187 509 2232; x_wconf 86' lang='lat' dir='ltr'>nonhabet</span> <span class='ocrx_word' id='word_1_265' title='bbox 527 2189 670 2245; x_wconf 88' lang='lat' dir='ltr'>potestatem</span> <span class='ocrx_word' id='word_1_266' title='bbox 695 2185 872 2233; x_wconf 77' lang='lat' dir='ltr'>oeconomiam⁴</span> <span class='ocrx_word' id='word_1_267' title='bbox 882 2188 1007 2246; x_wconf 85' lang='lat' dir='ltr'>pertinet,</span> <span class='ocrx_word' id='word_1_268' title='bbox 1017 2189 1049 2234; x_wconf 88' lang='lat' dir='ltr'>ut</span> <span class='ocrx_word' id='word_1_269' title='bbox 1063 2189 1136 2236; x_wconf 76' lang='lat' dir='ltr'>Sarra</span> <span class='ocrx_word' id='word_1_270' title='bbox 1155 2188 1230 2248; x_wconf 75' lang='lat' dir='ltr'>putu</span> 
     </span>
     <span class='ocr_line' id='line_1_28' title="bbox 142 2252 1229 2315; baseline -0.001 -12"><span class='ocrx_word' id='word_1_271' title='bbox 142 2256 264 2315; x_wconf 75' lang='lat' dir='ltr'>conjugii:</span> <span class='ocrx_word' id='word_1_272' title='bbox 273 2257 355 2303; x_wconf 59' lang='lat' dir='ltr'>nmen</span> <span class='ocrx_word' id='word_1_273' title='bbox 363 2254 430 2301; x_wconf 84' lang='lat' dir='ltr'>locus</span> <span class='ocrx_word' id='word_1_274' title='bbox 439 2255 485 2302; x_wconf 89' lang='lat' dir='ltr'>iste</span> <span class='ocrx_word' id='word_1_275' title='bbox 497 2255 568 2301; x_wconf 90' lang='lat' dir='ltr'>docet</span> <span class='ocrx_word' id='word_1_276' title='bbox 575 2256 671 2312; x_wconf 74' lang='lat' dir='ltr'>gravius</span> <span class='ocrx_word' id='word_1_277' title='bbox 695 2252 740 2298; x_wconf 89' lang='lat' dir='ltr'>Dei</span> <span class='ocrx_word' id='word_1_278' title='bbox 751 2253 1129 2314; x_wconf 86' lang='lat' dir='ltr'>donatuspromissione,etiam</span> <span class='ocrx_word' id='word_1_279' title='bbox 1137 2255 1229 2304; x_wconf 70' lang='lat' dir='ltr'>hoetul</span> 
     </span>
     <span class='ocr_line' id='line_1_29' title="bbox 144 2318 1229 2381; baseline 0.006 -18"><span class='ocrx_word' id='word_1_280' title='bbox 144 2326 240 2372; x_wconf 63' lang='lat' dir='ltr'>crimen</span> <span class='ocrx_word' id='word_1_281' title='bbox 250 2323 366 2381; x_wconf 72' lang='lat' dir='ltr'>esse,ubi</span> <span class='ocrx_word' id='word_1_282' title='bbox 377 2323 494 2370; x_wconf 71' lang='lat' dir='ltr'>celebrati</span> <span class='ocrx_word' id='word_1_283' title='bbox 503 2323 671 2381; x_wconf 71' lang='lat' dir='ltr'>conjugiijura</span> <span class='ocrx_word' id='word_1_284' title='bbox 695 2318 786 2366; x_wconf 89' lang='lat' dir='ltr'>ciretur</span> <span class='ocrx_word' id='word_1_285' title='bbox 804 2322 957 2381; x_wconf 88' lang='lat' dir='ltr'>testimonio;</span> <span class='ocrx_word' id='word_1_286' title='bbox 972 2335 1033 2370; x_wconf 88' lang='lat' dir='ltr'>cum</span> <span class='ocrx_word' id='word_1_287' title='bbox 1052 2325 1173 2372; x_wconf 82' lang='lat' dir='ltr'>advertas</span> <span class='ocrx_word' id='word_1_288' title='bbox 1187 2321 1229 2370; x_wconf 82' lang='lat' dir='ltr'>Dei</span> 
     </span>
     <span class='ocr_line' id='line_1_30' title="bbox 142 2388 1228 2450; baseline 0.001 -11"><span class='ocrx_word' id='word_1_289' title='bbox 142 2393 304 2450; x_wconf 83' lang='lat' dir='ltr'>temerantur,</span> <span class='ocrx_word' id='word_1_290' title='bbox 316 2393 341 2438; x_wconf 88' lang='lat' dir='ltr'>et</span> <span class='ocrx_word' id='word_1_291' title='bbox 355 2391 457 2438; x_wconf 85' lang='lat' dir='ltr'>uxorius</span> <span class='ocrx_word' id='word_1_292' title='bbox 470 2391 548 2450; x_wconf 92' lang='lat' dir='ltr'>pudor</span> <span class='ocrx_word' id='word_1_293' title='bbox 558 2393 669 2440; x_wconf 82' lang='lat' dir='ltr'>solvitur.</span> <span class='ocrx_word' id='word_1_294' title='bbox 695 2388 826 2436; x_wconf 88' lang='lat' dir='ltr'>otiensienc</span> <span class='ocrx_word' id='word_1_295' title='bbox 838 2391 864 2437; x_wconf 90' lang='lat' dir='ltr'>et</span> <span class='ocrx_word' id='word_1_296' title='bbox 879 2390 1005 2438; x_wconf 80' lang='lat' dir='ltr'>foecundas</span> <span class='ocrx_word' id='word_1_297' title='bbox 1020 2390 1228 2450; x_wconf 59' lang='lat' dir='ltr'>sterilescunt</span> 
     </span>
     <span class='ocr_line' id='line_1_31' title="bbox 143 2459 1229 2519; baseline 0 -13"><span class='ocrx_word' id='word_1_298' title='bbox 143 2460 250 2519; x_wconf 89' lang='lat' dir='ltr'>ldcoquc</span> <span class='ocrx_word' id='word_1_299' title='bbox 272 2472 328 2506; x_wconf 89' lang='lat' dir='ltr'>cum</span> <span class='ocrx_word' id='word_1_300' title='bbox 348 2459 512 2518; x_wconf 74' lang='lat' dir='ltr'>praetenderet</span> <span class='ocrx_word' id='word_1_301' title='bbox 530 2459 671 2508; x_wconf 71' lang='lat' dir='ltr'>abimelech</span> <span class='ocrx_word' id='word_1_302' title='bbox 695 2468 790 2503; x_wconf 88' lang='lat' dir='ltr'>rursum</span> <span class='ocrx_word' id='word_1_303' title='bbox 808 2459 907 2505; x_wconf 88' lang='lat' dir='ltr'>Domini</span> <span class='ocrx_word' id='word_1_304' title='bbox 924 2460 1054 2507; x_wconf 86' lang='lat' dir='ltr'>voluntate</span> <span class='ocrx_word' id='word_1_305' title='bbox 1071 2461 1173 2508; x_wconf 86' lang='lat' dir='ltr'>steriles</span> <span class='ocrx_word' id='word_1_306' title='bbox 1188 2459 1229 2506; x_wconf 82' lang='lat' dir='ltr'>ln·</span> 
     </span>
     <span class='ocr_line' id='line_1_32' title="bbox 143 2526 1227 2588; baseline 0.004 -16"><span class='ocrx_word' id='word_1_307' title='bbox 143 2527 208 2586; x_wconf 89' lang='lat' dir='ltr'>quod</span> <span class='ocrx_word' id='word_1_308' title='bbox 219 2539 320 2573; x_wconf 84' lang='lat' dir='ltr'>uxorem</span> <span class='ocrx_word' id='word_1_309' title='bbox 332 2527 437 2572; x_wconf 89' lang='lat' dir='ltr'>alienam</span> <span class='ocrx_word' id='word_1_310' title='bbox 448 2538 500 2573; x_wconf 92' lang='lat' dir='ltr'>esse</span> <span class='ocrx_word' id='word_1_311' title='bbox 509 2526 670 2587; x_wconf 75' lang='lat' dir='ltr'>ignoraverit,</span> <span class='ocrx_word' id='word_1_312' title='bbox 695 2526 879 2585; x_wconf 83' lang='lat' dir='ltr'>cundari,juxta</span> <span class='ocrx_word' id='word_1_313' title='bbox 887 2527 951 2586; x_wconf 83' lang='lat' dir='ltr'>quod</span> <span class='ocrx_word' id='word_1_314' title='bbox 959 2528 1087 2586; x_wconf 90' lang='lat' dir='ltr'>scriptum</span> <span class='ocrx_word' id='word_1_315' title='bbox 1096 2529 1146 2588; x_wconf 89' lang='lat' dir='ltr'>est,</span> <span class='ocrx_word' id='word_1_316' title='bbox 1152 2531 1227 2576; x_wconf 78' lang='lat' dir='ltr'>Nom</span> 
     </span>
     <span class='ocr_line' id='line_1_33' title="bbox 142 2594 1227 2654; baseline 0.006 -16"><span class='ocrx_word' id='word_1_317' title='bbox 142 2606 217 2653; x_wconf 89' lang='lat' dir='ltr'>quarn</span> <span class='ocrx_word' id='word_1_318' title='bbox 228 2606 333 2640; x_wconf 91' lang='lat' dir='ltr'>sororem</span> <span class='ocrx_word' id='word_1_319' title='bbox 344 2606 397 2639; x_wconf 86' lang='lat' dir='ltr'>esse</span> <span class='ocrx_word' id='word_1_320' title='bbox 409 2594 447 2640; x_wconf 83' lang='lat' dir='ltr'>vir</span> <span class='ocrx_word' id='word_1_321' title='bbox 457 2595 510 2653; x_wconf 91' lang='lat' dir='ltr'>ipse</span> <span class='ocrx_word' id='word_1_322' title='bbox 523 2607 591 2641; x_wconf 88' lang='lat' dir='ltr'>suam</span> <span class='ocrx_word' id='word_1_323' title='bbox 600 2595 670 2643; x_wconf 79' lang='lat' dir='ltr'>diue·</span> <span class='ocrx_word' id='word_1_324' title='bbox 694 2595 956 2653; x_wconf 79' lang='lat' dir='ltr'>sterilemctporr&#39;cntem</span> <span class='ocrx_word' id='word_1_325' title='bbox 966 2609 1008 2654; x_wconf 76' lang='lat' dir='ltr'>epo</span> <span class='ocrx_word' id='word_1_326' title='bbox 1019 2597 1082 2654; x_wconf 73' lang='lat' dir='ltr'>fect,</span> <span class='ocrx_word' id='word_1_327' title='bbox 1090 2596 1227 2644; x_wconf 79' lang='lat' dir='ltr'>dicilDonr&#39;·</span> 
     </span>
     <span class='ocr_line' id='line_1_34' title="bbox 142 2661 1227 2724; baseline 0.003 -17"><span class='ocrx_word' id='word_1_328' title='bbox 142 2661 190 2719; x_wconf 92' lang='lat' dir='ltr'>rit,</span> <span class='ocrx_word' id='word_1_329' title='bbox 201 2661 325 2720; x_wconf 90' lang='lat' dir='ltr'>respondit</span> <span class='ocrx_word' id='word_1_330' title='bbox 339 2661 363 2707; x_wconf 91' lang='lat' dir='ltr'>ei</span> <span class='ocrx_word' id='word_1_331' title='bbox 378 2662 496 2708; x_wconf 90' lang='lat' dir='ltr'>Dominus</span> <span class='ocrx_word' id='word_1_332' title='bbox 508 2675 514 2707; x_wconf 90' lang='lat'><strong>:</strong></span> <span class='ocrx_word' id='word_1_333' title='bbox 525 2665 557 2709; x_wconf 80' lang='lat' dir='ltr'>Et</span> <span class='ocrx_word' id='word_1_334' title='bbox 568 2676 608 2722; x_wconf 81' lang='lat' dir='ltr'>epo</span> <span class='ocrx_word' id='word_1_335' title='bbox 618 2677 671 2724; x_wconf 72' lang='lat' dir='ltr'>cop-</span> <span class='ocrx_word' id='word_1_336' title='bbox 693 2673 738 2707; x_wconf 81' lang='lat' dir='ltr'>aus</span> <span class='ocrx_word' id='word_1_337' title='bbox 753 2661 764 2706; x_wconf 82' lang='lat' dir='ltr'>t</span> <span class='ocrx_word' id='word_1_338' title='bbox 777 2662 893 2718; x_wconf 81' lang='lat' dir='ltr'>Quamvis</span> <span class='ocrx_word' id='word_1_339' title='bbox 912 2663 943 2709; x_wconf 91' lang='lat' dir='ltr'>ad</span> <span class='ocrx_word' id='word_1_340' title='bbox 964 2663 1104 2723; x_wconf 70' lang='lat' dir='ltr'>synagogae</span> <span class='ocrx_word' id='word_1_341' title='bbox 1126 2663 1188 2711; x_wconf 89' lang='lat' dir='ltr'>illud</span> <span class='ocrx_word' id='word_1_342' title='bbox 1203 2662 1227 2710; x_wconf 85' lang='lat' dir='ltr'>et</span> 
     </span>
     <span class='ocr_line' id='line_1_35' title="bbox 142 2728 1224 2790; baseline 0.003 -15"><span class='ocrx_word' id='word_1_343' title='bbox 142 2732 197 2777; x_wconf 80' lang='lat' dir='ltr'>unet</span> <span class='ocrx_word' id='word_1_344' title='bbox 210 2731 321 2790; x_wconf 79' lang='lat' dir='ltr'>quoniam</span> <span class='ocrx_word' id='word_1_345' title='bbox 336 2742 395 2788; x_wconf 84' lang='lat' dir='ltr'>puro</span> <span class='ocrx_word' id='word_1_346' title='bbox 411 2733 476 2777; x_wconf 84' lang='lat' dir='ltr'>corde</span> <span class='ocrx_word' id='word_1_347' title='bbox 494 2731 568 2790; x_wconf 67' lang='lat' dir='ltr'>(couti</span> <span class='ocrx_word' id='word_1_348' title='bbox 581 2731 637 2787; x_wconf 83' lang='lat' dir='ltr'>troc,</span> <span class='ocrx_word' id='word_1_349' title='bbox 648 2736 669 2779; x_wconf 83' lang='lat' dir='ltr'>ct</span> <span class='ocrx_word' id='word_1_350' title='bbox 694 2728 807 2776; x_wconf 78' lang='lat' dir='ltr'>Ecclesiae</span> <span class='ocrx_word' id='word_1_351' title='bbox 818 2730 1070 2788; x_wconf 88' lang='lat' dir='ltr'>mysteriumdictum</span> <span class='ocrx_word' id='word_1_352' title='bbox 1081 2732 1224 2790; x_wconf 63' lang='lat' dir='ltr'>accipietium</span> 
     </span>
     <span class='ocr_line' id='line_1_36' title="bbox 141 2797 1225 2858; baseline -0.001 -14"><span class='ocrx_word' id='word_1_353' title='bbox 141 2799 231 2857; x_wconf 80' lang='lat' dir='ltr'>peperci</span> <span class='ocrx_word' id='word_1_354' title='bbox 242 2798 295 2855; x_wconf 82' lang='lat' dir='ltr'>tibi,</span> <span class='ocrx_word' id='word_1_355' title='bbox 302 2800 328 2845; x_wconf 83' lang='lat' dir='ltr'>ut</span> <span class='ocrx_word' id='word_1_356' title='bbox 337 2810 497 2857; x_wconf 78' lang='lat' dir='ltr'>conpesceret</span> <span class='ocrx_word' id='word_1_357' title='bbox 507 2800 531 2845; x_wconf 87' lang='lat' dir='ltr'>io</span> <span class='ocrx_word' id='word_1_358' title='bbox 539 2811 575 2844; x_wconf 87' lang='lat' dir='ltr'>me</span> <span class='ocrx_word' id='word_1_359' title='bbox 583 2813 591 2845; x_wconf 78' lang='lat' dir='ltr'>c</span> <span class='ocrx_word' id='word_1_360' title='bbox 600 2813 670 2858; x_wconf 86' lang='lat' dir='ltr'>prop·</span> <span class='ocrx_word' id='word_1_361' title='bbox 693 2797 751 2854; x_wconf 86' lang='lat' dir='ltr'>quia</span> <span class='ocrx_word' id='word_1_362' title='bbox 761 2798 787 2844; x_wconf 89' lang='lat' dir='ltr'>ct</span> <span class='ocrx_word' id='word_1_363' title='bbox 796 2798 919 2856; x_wconf 75' lang='lat' dir='ltr'>synagoga</span> <span class='ocrx_word' id='word_1_364' title='bbox 928 2800 1014 2856; x_wconf 90' lang='lat' dir='ltr'>partus</span> <span class='ocrx_word' id='word_1_365' title='bbox 1022 2798 1124 2846; x_wconf 88' lang='lat' dir='ltr'>trabere</span> <span class='ocrx_word' id='word_1_366' title='bbox 1134 2797 1225 2855; x_wconf 82' lang='lat' dir='ltr'>desivit,</span> 
     </span>
     <span class='ocr_line' id='line_1_37' title="bbox 142 2864 1226 2928; baseline 0 -17"><span class='ocrx_word' id='word_1_367' title='bbox 142 2868 179 2911; x_wconf 85' lang='lat' dir='ltr'>ter</span> <span class='ocrx_word' id='word_1_368' title='bbox 188 2867 231 2913; x_wconf 85' lang='lat' dir='ltr'>troc</span> <span class='ocrx_word' id='word_1_369' title='bbox 242 2879 290 2913; x_wconf 74' lang='lat' dir='ltr'>aon</span> <span class='ocrx_word' id='word_1_370' title='bbox 303 2880 356 2914; x_wconf 84' lang='lat' dir='ltr'>sum</span> <span class='ocrx_word' id='word_1_371' title='bbox 368 2881 449 2926; x_wconf 80' lang='lat' dir='ltr'>paenas</span> <span class='ocrx_word' id='word_1_372' title='bbox 460 2870 480 2913; x_wconf 88' lang='lat' dir='ltr'>tc</span> <span class='ocrx_word' id='word_1_373' title='bbox 491 2870 585 2928; x_wconf 73' lang='lat' dir='ltr'>torpere</span> <span class='ocrx_word' id='word_1_374' title='bbox 594 2869 668 2914; x_wconf 84' lang='lat' dir='ltr'>ittam.</span> <span class='ocrx_word' id='word_1_375' title='bbox 693 2875 747 2921; x_wconf 73' lang='lat' dir='ltr'>qum</span> <span class='ocrx_word' id='word_1_376' title='bbox 764 2864 923 2910; x_wconf 87' lang='lat' dir='ltr'>successionis</span> <span class='ocrx_word' id='word_1_377' title='bbox 939 2864 1055 2910; x_wconf 82' lang='lat' dir='ltr'>fraudata</span> <span class='ocrx_word' id='word_1_378' title='bbox 1072 2867 1114 2913; x_wconf 90' lang='lat' dir='ltr'>est</span> <span class='ocrx_word' id='word_1_379' title='bbox 1128 2864 1226 2926; x_wconf 60' lang='lat' dir='ltr'>posteri·</span> 
     </span>
     <span class='ocr_line' id='line_1_38' title="bbox 140 2931 1227 2992; baseline 0 -14"><span class='ocrx_word' id='word_1_380' title='bbox 140 2934 311 2992; x_wconf 80' lang='lat' dir='ltr'>cognoscimus</span> <span class='ocrx_word' id='word_1_381' title='bbox 318 2935 387 2981; x_wconf 77' lang='lat' dir='ltr'>velut</span> <span class='ocrx_word' id='word_1_382' title='bbox 395 2936 523 2992; x_wconf 84' lang='lat' dir='ltr'>praesulem</span> <span class='ocrx_word' id='word_1_383' title='bbox 532 2935 670 2981; x_wconf 85' lang='lat' dir='ltr'>custodem·</span> <span class='ocrx_word' id='word_1_384' title='bbox 693 2932 742 2977; x_wconf 79' lang='lat' dir='ltr'>tate</span> <span class='ocrx_word' id='word_1_385' title='bbox 750 2963 757 2988; x_wconf 96' lang='lat'>‚</span> <span class='ocrx_word' id='word_1_386' title='bbox 766 2932 792 2978; x_wconf 88' lang='lat' dir='ltr'>et</span> <span class='ocrx_word' id='word_1_387' title='bbox 807 2931 960 2990; x_wconf 76' lang='lat' dir='ltr'>congregatio</span> <span class='ocrx_word' id='word_1_388' title='bbox 971 2933 1105 2979; x_wconf 88' lang='lat' dir='ltr'>nationum</span> <span class='ocrx_word' id='word_1_389' title='bbox 1116 2947 1172 2992; x_wconf 79' lang='lat' dir='ltr'>quae</span> <span class='ocrx_word' id='word_1_390' title='bbox 1184 2934 1227 2979; x_wconf 88' lang='lat' dir='ltr'>ste-</span> 
     </span>
     <span class='ocr_line' id='line_1_39' title="bbox 141 2997 1226 3060; baseline 0.006 -19"><span class='ocrx_word' id='word_1_391' title='bbox 141 3012 191 3056; x_wconf 87' lang='lat' dir='ltr'>que</span> <span class='ocrx_word' id='word_1_392' title='bbox 205 3001 313 3057; x_wconf 77' lang='lat' dir='ltr'>conjugii</span> <span class='ocrx_word' id='word_1_393' title='bbox 330 3013 382 3047; x_wconf 81' lang='lat' dir='ltr'>esse</span> <span class='ocrx_word' id='word_1_394' title='bbox 397 3001 491 3058; x_wconf 82' lang='lat' dir='ltr'>Deum,</span> <span class='ocrx_word' id='word_1_395' title='bbox 501 3002 543 3059; x_wconf 86' lang='lat' dir='ltr'>qui</span> <span class='ocrx_word' id='word_1_396' title='bbox 560 3015 609 3049; x_wconf 85' lang='lat' dir='ltr'>non</span> <span class='ocrx_word' id='word_1_397' title='bbox 625 3015 670 3060; x_wconf 82' lang='lat' dir='ltr'>pa·</span> <span class='ocrx_word' id='word_1_398' title='bbox 693 2997 746 3044; x_wconf 83' lang='lat' dir='ltr'>rilis</span> <span class='ocrx_word' id='word_1_399' title='bbox 761 3000 814 3044; x_wconf 80' lang='lat' dir='ltr'>erat</span> <span class='ocrx_word' id='word_1_400' title='bbox 824 3010 881 3044; x_wconf 86' lang='lat' dir='ltr'>cum</span> <span class='ocrx_word' id='word_1_401' title='bbox 896 3000 975 3044; x_wconf 87' lang='lat' dir='ltr'>Deum</span> <span class='ocrx_word' id='word_1_402' title='bbox 993 2998 1138 3060; x_wconf 78' lang='lat' dir='ltr'>ignoraret,</span> <span class='ocrx_word' id='word_1_403' title='bbox 1149 3000 1226 3060; x_wconf 67' lang='lat' dir='ltr'>palili!</span> 
     </span>
     <span class='ocr_line' id='line_1_40' title="bbox 142 3065 1226 3128; baseline 0.006 -19"><span class='ocrx_word' id='word_1_404' title='bbox 142 3065 219 3111; x_wconf 91' lang='lat' dir='ltr'>tiatur</span> <span class='ocrx_word' id='word_1_405' title='bbox 229 3067 336 3112; x_wconf 88' lang='lat' dir='ltr'>alienum</span> <span class='ocrx_word' id='word_1_406' title='bbox 347 3068 444 3113; x_wconf 89' lang='lat' dir='ltr'>thorum</span> <span class='ocrx_word' id='word_1_407' title='bbox 455 3068 532 3126; x_wconf 91' lang='lat' dir='ltr'>pollui</span> <span class='ocrx_word' id='word_1_408' title='bbox 544 3081 551 3113; x_wconf 75' lang='grc' dir='ltr'><strong>ε</strong></span> <span class='ocrx_word' id='word_1_409' title='bbox 563 3071 616 3115; x_wconf 90' lang='lat' dir='ltr'>etsi</span> <span class='ocrx_word' id='word_1_410' title='bbox 627 3072 668 3128; x_wconf 88' lang='lat' dir='ltr'>qui</span> <span class='ocrx_word' id='word_1_411' title='bbox 693 3065 782 3112; x_wconf 79' lang='lat' dir='ltr'>habere</span> <span class='ocrx_word' id='word_1_412' title='bbox 799 3067 902 3125; x_wconf 79' lang='lat' dir='ltr'>eruperit</span> <span class='ocrx_word' id='word_1_413' title='bbox 919 3068 1034 3114; x_wconf 74' lang='lat' dir='ltr'>aeternos.</span> <span class='ocrx_word' id='word_1_414' title='bbox 1046 3069 1121 3115; x_wconf 87' lang='lat' dir='ltr'>Unde</span> <span class='ocrx_word' id='word_1_415' title='bbox 1136 3070 1226 3115; x_wconf 86' lang='lat' dir='ltr'>lectum</span> 
     </span>
     <span class='ocr_line' id='line_1_41' title="bbox 141 3131 1225 3197; baseline 0.006 -21"><span class='ocrx_word' id='word_1_416' title='bbox 141 3131 238 3190; x_wconf 79' lang='lat' dir='ltr'>iecerit,</span> <span class='ocrx_word' id='word_1_417' title='bbox 249 3146 350 3191; x_wconf 89' lang='lat' dir='ltr'>peceare</span> <span class='ocrx_word' id='word_1_418' title='bbox 369 3148 426 3181; x_wconf 90' lang='lat' dir='ltr'>eum</span> <span class='ocrx_word' id='word_1_419' title='bbox 444 3136 471 3181; x_wconf 95' lang='lat' dir='ltr'>in</span> <span class='ocrx_word' id='word_1_420' title='bbox 489 3136 583 3193; x_wconf 92' lang='lat' dir='ltr'>Deum,</span> <span class='ocrx_word' id='word_1_421' title='bbox 600 3138 669 3193; x_wconf 85' lang='lat' dir='ltr'>cujus</span> <span class='ocrx_word' id='word_1_422' title='bbox 693 3134 977 3192; x_wconf 70' lang='lat' dir='ltr'>esttlaoetarttteri11&#39;8‚</span> <span class='ocrx_word' id='word_1_423' title='bbox 998 3149 1054 3194; x_wconf 80' lang='lat' dir='ltr'>quoe</span> <span class='ocrx_word' id='word_1_424' title='bbox 1074 3149 1126 3183; x_wconf 82' lang='lat' dir='ltr'>uon</span> <span class='ocrx_word' id='word_1_425' title='bbox 1146 3139 1225 3197; x_wconf 75' lang='lat' dir='ltr'>poris:</span> 
     </span>
     <span class='ocr_line' id='line_1_42' title="bbox 139 3199 1224 3263; baseline 0.006 -18"><span class='ocrx_word' id='word_1_426' title='bbox 139 3199 669 3263; x_wconf 74' lang='lat' dir='ltr'>legemviolet,gratiamsolvatAEtideoquia</span> <span class='ocrx_word' id='word_1_427' title='bbox 692 3213 784 3258; x_wconf 83' lang='lat' dir='ltr'>erumpe</span> <span class='ocrx_word' id='word_1_428' title='bbox 798 3203 820 3246; x_wconf 92' lang='lat' dir='ltr'>et</span> <span class='ocrx_word' id='word_1_429' title='bbox 837 3202 958 3257; x_wconf 78' lang='lat' dir='ltr'>exclamo,</span> <span class='ocrx_word' id='word_1_430' title='bbox 972 3215 1024 3261; x_wconf 77' lang='lat' dir='ltr'>puoe</span> <span class='ocrx_word' id='word_1_431' title='bbox 1040 3216 1091 3248; x_wconf 77' lang='lat' dir='ltr'>nort</span> <span class='ocrx_word' id='word_1_432' title='bbox 1110 3204 1224 3263; x_wconf 53' lang='lat' dir='ltr'>portoria</span> 
     </span>
     <span class='ocr_line' id='line_1_43' title="bbox 141 3267 1226 3334; baseline 0.007 -20"><span class='ocrx_word' id='word_1_433' title='bbox 141 3268 168 3314; x_wconf 95' lang='lat' dir='ltr'>in</span> <span class='ocrx_word' id='word_1_434' title='bbox 188 3267 266 3314; x_wconf 89' lang='lat' dir='ltr'>Deum</span> <span class='ocrx_word' id='word_1_435' title='bbox 283 3270 383 3328; x_wconf 89' lang='lat' dir='ltr'>peccat,</span> <span class='ocrx_word' id='word_1_436' title='bbox 399 3271 544 3318; x_wconf 88' lang='lat' dir='ltr'>sacramenti</span> <span class='ocrx_word' id='word_1_437' title='bbox 563 3272 669 3319; x_wconf 86' lang='lat' dir='ltr'>coelestis</span> <span class='ocrx_word' id='word_1_438' title='bbox 692 3271 803 3326; x_wconf 72' lang='lat' dir='ltr'>quoniam</span> <span class='ocrx_word' id='word_1_439' title='bbox 816 3270 896 3327; x_wconf 72' lang='lat' dir='ltr'>plures</span> <span class='ocrx_word' id='word_1_440' title='bbox 908 3271 951 3327; x_wconf 77' lang='lat' dir='ltr'>filii</span> <span class='ocrx_word' id='word_1_441' title='bbox 961 3273 1057 3320; x_wconf 75' lang='lat' dir='ltr'>desertoe</span> <span class='ocrx_word' id='word_1_442' title='bbox 1067 3275 1149 3334; x_wconf 61' lang='lat' dir='ltr'>aromo</span> <span class='ocrx_word' id='word_1_443' title='bbox 1160 3284 1226 3334; x_wconf 66' lang='lat' dir='ltr'>peon</span> 
     </span>
     <span class='ocr_line' id='line_1_44' title="bbox 140 3333 975 3393; baseline 0.002 -12"><span class='ocrx_word' id='word_1_444' title='bbox 140 3333 233 3381; x_wconf 80' lang='lat' dir='ltr'>amittit</span> <span class='ocrx_word' id='word_1_445' title='bbox 245 3336 401 3382; x_wconf 87' lang='lat' dir='ltr'>consortium.</span> <span class='ocrx_word' id='word_1_446' title='bbox 691 3336 739 3392; x_wconf 82' lang='lat' dir='ltr'>ejus</span> <span class='ocrx_word' id='word_1_447' title='bbox 751 3348 801 3393; x_wconf 75' lang='lat' dir='ltr'>pooe</span> <span class='ocrx_word' id='word_1_448' title='bbox 809 3335 878 3382; x_wconf 68' lang='lat' dir='ltr'>tirbet</span> <span class='ocrx_word' id='word_1_449' title='bbox 889 3339 975 3383; x_wconf 81' lang='lat' dir='ltr'>virum.</span> 
     </span>
    </p>

    <p class='ocr_par' dir='ltr' id='par_1_4' title="bbox 141 3396 1263 3959">
     <span class='ocr_line' id='line_1_45' title="bbox 173 3396 1225 3462; baseline 0.005 -12"><span class='ocrx_word' id='word_1_450' title='bbox 173 3402 211 3450; x_wconf 83' lang='lat'>60.</span> <span class='ocrx_word' id='word_1_451' title='bbox 228 3405 335 3449; x_wconf 86' lang='lat' dir='ltr'>Fortasse</span> <span class='ocrx_word' id='word_1_452' title='bbox 353 3403 378 3448; x_wconf 89' lang='lat' dir='ltr'>tc</span> <span class='ocrx_word' id='word_1_453' title='bbox 395 3403 490 3449; x_wconf 86' lang='lat' dir='ltr'>moveat</span> <span class='ocrx_word' id='word_1_454' title='bbox 507 3415 553 3462; x_wconf 91' lang='lat' dir='ltr'>qua</span> <span class='ocrx_word' id='word_1_455' title='bbox 575 3403 668 3448; x_wconf 86' lang='lat' dir='ltr'>ratione</span> <span class='ocrx_word' id='word_1_456' title='bbox 722 3396 760 3441; x_wconf 71' lang='lat'>62·</span> <span class='ocrx_word' id='word_1_457' title='bbox 776 3397 871 3443; x_wconf 68' lang='lat' dir='ltr'>Gentius</span> <span class='ocrx_word' id='word_1_458' title='bbox 893 3400 925 3442; x_wconf 62' lang='lat' dir='ltr'>tet</span> <span class='ocrx_word' id='word_1_459' title='bbox 943 3399 1024 3443; x_wconf 67' lang='lat' dir='ltr'>autem</span> <span class='ocrx_word' id='word_1_460' title='bbox 1043 3396 1153 3445; x_wconf 56' lang='lat' dir='ltr'>Abram</span> <span class='ocrx_word' id='word_1_461' title='bbox 1168 3396 1225 3455; x_wconf 66' lang='lat' dir='ltr'>fflt&#39;lt</span> 
     </span>
     <span class='ocr_line' id='line_1_46' title="bbox 142 3463 1226 3530; baseline 0.004 -14"><span class='ocrx_word' id='word_1_462' title='bbox 142 3469 235 3516; x_wconf 86' lang='lat' dir='ltr'>Pharao</span> <span class='ocrx_word' id='word_1_463' title='bbox 252 3469 426 3530; x_wconf 77' lang='lat' dir='ltr'>quaestionibus</span> <span class='ocrx_word' id='word_1_464' title='bbox 436 3469 445 3488; x_wconf 79' lang='lat'>⁸</span> <span class='ocrx_word' id='word_1_465' title='bbox 456 3471 487 3516; x_wconf 79' lang='lat' dir='ltr'>alr</span> <span class='ocrx_word' id='word_1_466' title='bbox 503 3471 668 3528; x_wconf 90' lang='lat' dir='ltr'>omnipotente</span> <span class='ocrx_word' id='word_1_467' title='bbox 692 3463 772 3518; x_wconf 65' lang='lat' dir='ltr'>Isaac,</span> <span class='ocrx_word' id='word_1_468' title='bbox 784 3475 836 3507; x_wconf 68' lang='lat' dir='ltr'>tum</span> <span class='ocrx_word' id='word_1_469' title='bbox 846 3463 902 3508; x_wconf 56' lang='lat'>‘³⁸⁸0‘</span> <span class='ocrx_word' id='word_1_470' title='bbox 917 3475 1037 3509; x_wconf 62' lang='lat' dir='ltr'>“Dimittit</span> <span class='ocrx_word' id='word_1_471' title='bbox 1048 3463 1192 3511; x_wconf 61' lang='lat' dir='ltr'>‘titium-El</span> <span class='ocrx_word' id='word_1_472' title='bbox 1200 3463 1226 3509; x_wconf 62' lang='lat' dir='ltr'>W</span> 
     </span>
     <span class='ocr_line' id='line_1_47' title="bbox 141 3528 1263 3596; baseline -0.007 -12"><span class='ocrx_word' id='word_1_473' title='bbox 141 3539 194 3584; x_wconf 85' lang='lat' dir='ltr'>Deo</span> <span class='ocrx_word' id='word_1_474' title='bbox 205 3538 312 3596; x_wconf 74' lang='lat' dir='ltr'>graviter</span> <span class='ocrx_word' id='word_1_475' title='bbox 321 3536 426 3584; x_wconf 86' lang='lat' dir='ltr'>attiictus</span> <span class='ocrx_word' id='word_1_476' title='bbox 436 3537 476 3595; x_wconf 85' lang='lat' dir='ltr'>sit,</span> <span class='ocrx_word' id='word_1_477' title='bbox 486 3539 514 3584; x_wconf 90' lang='lat' dir='ltr'>ut</span> <span class='ocrx_word' id='word_1_478' title='bbox 524 3550 596 3595; x_wconf 87' lang='lat' dir='ltr'>supra</span> <span class='ocrx_word' id='word_1_479' title='bbox 607 3536 669 3594; x_wconf 82' lang='lat' dir='ltr'>logi·</span> <span class='ocrx_word' id='word_1_480' title='bbox 692 3529 712 3573; x_wconf 88' lang='lat' dir='ltr'>si</span> <span class='ocrx_word' id='word_1_481' title='bbox 719 3528 842 3588; x_wconf 85' lang='lat' dir='ltr'>perlectus</span> <span class='ocrx_word' id='word_1_482' title='bbox 851 3529 937 3587; x_wconf 84' lang='lat' dir='ltr'>tueris,</span> <span class='ocrx_word' id='word_1_483' title='bbox 944 3530 1050 3578; x_wconf 82' lang='lat' dir='ltr'>habebis</span> <span class='ocrx_word' id='word_1_484' title='bbox 1055 3532 1227 3590; x_wconf 80' lang='lat' dir='ltr'>posteritatem</span> <span class='ocrx_word' id='word_1_485' title='bbox 1260 3590 1263 3594; x_wconf 22' lang='grc' dir='ltr'>ι</span> 
     </span>
     <span class='ocr_line' id='line_1_48' title="bbox 142 3597 1226 3663; baseline -0.002 -14"><span class='ocrx_word' id='word_1_486' title='bbox 142 3616 209 3661; x_wconf 88' lang='lat' dir='ltr'>urus,</span> <span class='ocrx_word' id='word_1_487' title='bbox 226 3617 280 3649; x_wconf 92' lang='lat' dir='ltr'>cum</span> <span class='ocrx_word' id='word_1_488' title='bbox 296 3603 387 3662; x_wconf 91' lang='lat' dir='ltr'>etipse</span> <span class='ocrx_word' id='word_1_489' title='bbox 404 3604 550 3663; x_wconf 81' lang='lat' dir='ltr'>ignoraverit</span> <span class='ocrx_word' id='word_1_490' title='bbox 565 3614 668 3649; x_wconf 76' lang='lat' dir='ltr'>uxorem</span> <span class='ocrx_word' id='word_1_491' title='bbox 692 3597 796 3655; x_wconf 83' lang='lat' dir='ltr'>laetitiae,</span> <span class='ocrx_word' id='word_1_492' title='bbox 806 3598 831 3642; x_wconf 89' lang='lat' dir='ltr'>et</span> <span class='ocrx_word' id='word_1_493' title='bbox 850 3598 1021 3645; x_wconf 78' lang='lat' dir='ltr'>exsultationis</span> <span class='ocrx_word' id='word_1_494' title='bbox 1042 3599 1226 3647; x_wconf 76' lang='lat' dir='ltr'>lraereditatem·</span> 
     </span>
     <span class='ocr_line' id='line_1_49' title="bbox 142 3666 1227 3737; baseline 0.006 -28"><span class='ocrx_word' id='word_1_495' title='bbox 142 3681 196 3717; x_wconf 76' lang='lat' dir='ltr'>esse</span> <span class='ocrx_word' id='word_1_496' title='bbox 208 3671 308 3717; x_wconf 69' lang='lat' dir='ltr'>Abrahae</span> <span class='ocrx_word' id='word_1_497' title='bbox 317 3671 414 3728; x_wconf 79' lang='lat' dir='ltr'>Sar-am,</span> <span class='ocrx_word' id='word_1_498' title='bbox 424 3684 497 3731; x_wconf 78' lang='lat' dir='ltr'>quam</span> <span class='ocrx_word' id='word_1_499' title='bbox 507 3683 613 3718; x_wconf 84' lang='lat' dir='ltr'>sororem</span> <span class='ocrx_word' id='word_1_500' title='bbox 625 3683 668 3716; x_wconf 82' lang='lat' dir='ltr'>au·</span> <span class='ocrx_word' id='word_1_501' title='bbox 691 3667 758 3711; x_wconf 73' lang='lat' dir='ltr'>Dicit</span> <span class='ocrx_word' id='word_1_502' title='bbox 768 3668 790 3711; x_wconf 80' lang='lat' dir='ltr'>et</span> <span class='ocrx_word' id='word_1_503' title='bbox 801 3667 863 3712; x_wconf 84' lang='lat' dir='ltr'>Sara</span> <span class='ocrx_word' id='word_1_504' title='bbox 877 3667 979 3737; x_wconf 67' lang='lat' dir='ltr'>:littam</span> <span class='ocrx_word' id='word_1_505' title='bbox 996 3666 1058 3713; x_wconf 72' lang='lat' dir='ltr'>milri</span> <span class='ocrx_word' id='word_1_506' title='bbox 1074 3667 1132 3726; x_wconf 73' lang='lat' dir='ltr'>fecit</span> <span class='ocrx_word' id='word_1_507' title='bbox 1147 3667 1227 3715; x_wconf 73' lang='lat' dir='ltr'>Doud-</span> 
     </span>
     <span class='ocr_line' id='line_1_50' title="bbox 141 3734 1227 3799; baseline 0.006 -16"><span class='ocrx_word' id='word_1_508' title='bbox 141 3738 222 3785; x_wconf 89' lang='lat' dir='ltr'>dierat</span> <span class='ocrx_word' id='word_1_509' title='bbox 236 3739 395 3786; x_wconf 74' lang='lat' dir='ltr'>:thimelecir</span> <span class='ocrx_word' id='word_1_510' title='bbox 410 3741 493 3787; x_wconf 87' lang='lat' dir='ltr'>autem</span> <span class='ocrx_word' id='word_1_511' title='bbox 506 3741 599 3787; x_wconf 92' lang='lat' dir='ltr'>nullam</span> <span class='ocrx_word' id='word_1_512' title='bbox 616 3752 668 3799; x_wconf 88' lang='lat' dir='ltr'>poe-</span> <span class='ocrx_word' id='word_1_513' title='bbox 691 3745 749 3792; x_wconf 67' lang='lat' dir='ltr'>”litt</span> <span class='ocrx_word' id='word_1_514' title='bbox 762 3734 1094 3793; x_wconf 77' lang='lat' dir='ltr'>Quicrtroqnecoimocdr&#39;erlt,</span> <span class='ocrx_word' id='word_1_515' title='bbox 1105 3736 1227 3796; x_wconf 59' lang='lat' dir='ltr'>contrat*</span> 
     </span>
     <span class='ocr_line' id='line_1_51' title="bbox 143 3800 1228 3866; baseline 0.005 -22"><span class='ocrx_word' id='word_1_516' title='bbox 143 3816 202 3851; x_wconf 81' lang='lat' dir='ltr'>nam</span> <span class='ocrx_word' id='word_1_517' title='bbox 224 3806 358 3864; x_wconf 75' lang='lat' dir='ltr'>exceperit,</span> <span class='ocrx_word' id='word_1_518' title='bbox 369 3807 459 3852; x_wconf 79' lang='lat' dir='ltr'>Verum</span> <span class='ocrx_word' id='word_1_519' title='bbox 475 3809 568 3866; x_wconf 72' lang='lat' dir='ltr'>AEgypti</span> <span class='ocrx_word' id='word_1_520' title='bbox 585 3821 668 3866; x_wconf 73' lang='lat' dir='ltr'>regem</span> <span class='ocrx_word' id='word_1_521' title='bbox 692 3800 778 3847; x_wconf 75' lang='lat' dir='ltr'>labitur</span> <span class='ocrx_word' id='word_1_522' title='bbox 788 3801 854 3846; x_wconf 83' lang='lat' dir='ltr'>milli.</span> <span class='ocrx_word' id='word_1_523' title='bbox 866 3801 917 3847; x_wconf 85' lang='lat' dir='ltr'>lton</span> <span class='ocrx_word' id='word_1_524' title='bbox 929 3802 1015 3860; x_wconf 82' lang='lat' dir='ltr'>ulique</span> <span class='ocrx_word' id='word_1_525' title='bbox 1025 3802 1117 3849; x_wconf 82' lang='lat' dir='ltr'>hocde</span> <span class='ocrx_word' id='word_1_526' title='bbox 1128 3812 1228 3862; x_wconf 64' lang='lat' dir='ltr'>generi·</span> 
     </span>
     <span class='ocr_line' id='line_1_52' title="bbox 152 3867 1228 3959; baseline 0.007 -48"><span class='ocrx_word' id='word_1_527' title='bbox 152 3879 668 3959; x_wconf 55' lang='lat' dir='ltr'><em>m</em></span> <span class='ocrx_word' id='word_1_528' title='bbox 691 3867 759 3914; x_wconf 90' lang='lat' dir='ltr'>tione</span> <span class='ocrx_word' id='word_1_529' title='bbox 776 3868 821 3914; x_wconf 90' lang='lat' dir='ltr'>hac</span> <span class='ocrx_word' id='word_1_530' title='bbox 840 3868 988 3926; x_wconf 72' lang='lat' dir='ltr'>intelligitur</span> <span class='ocrx_word' id='word_1_531' title='bbox 998 3882 1053 3927; x_wconf 86' lang='lat' dir='ltr'>quae</span> <span class='ocrx_word' id='word_1_532' title='bbox 1065 3870 1228 3931; x_wconf 83' lang='lat' dir='ltr'>casibusple·</span> 
     </span>
    </p>
   </div>
   <div class='ocr_carea' id='block_1_3' title="bbox 142 3963 1227 4072">
    <p class='ocr_par' dir='ltr' id='par_1_5' title="bbox 142 3963 1227 4072">
     <span class='ocr_line' id='line_1_53' title="bbox 143 3963 1227 4021; baseline 0.01 -19"><span class='ocrx_word' id='word_1_533' title='bbox 143 3964 191 4003; x_wconf 87' lang='lat' dir='ltr'>ideo</span> <span class='ocrx_word' id='word_1_534' title='bbox 203 3966 312 4012; x_wconf 75' lang='lat' dir='ltr'>qrroern&#39;oocr</span> <span class='ocrx_word' id='word_1_535' title='bbox 323 3963 435 4009; x_wconf 83' lang='lat' dir='ltr'>dicuntur,</span> <span class='ocrx_word' id='word_1_536' title='bbox 443 3964 493 4010; x_wconf 82' lang='lat' dir='ltr'>quia</span> <span class='ocrx_word' id='word_1_537' title='bbox 504 3964 527 4000; x_wconf 90' lang='lat' dir='ltr'>in</span> <span class='ocrx_word' id='word_1_538' title='bbox 535 3966 601 4003; x_wconf 83' lang='lat' dir='ltr'>causis</span> <span class='ocrx_word' id='word_1_539' title='bbox 610 3965 669 4013; x_wconf 86' lang='lat' dir='ltr'>capi·</span> <span class='ocrx_word' id='word_1_540' title='bbox 714 3973 723 3991; x_wconf 81' lang='lat'>⁸</span> <span class='ocrx_word' id='word_1_541' title='bbox 734 3973 851 4015; x_wconf 77' lang='lat' dir='ltr'>OEcoaoorta.</span> <span class='ocrx_word' id='word_1_542' title='bbox 864 3973 899 4011; x_wconf 86' lang='lat' dir='ltr'>tric</span> <span class='ocrx_word' id='word_1_543' title='bbox 911 3972 968 4010; x_wconf 88' lang='lat' dir='ltr'>idem</span> <span class='ocrx_word' id='word_1_544' title='bbox 981 3976 1048 4021; x_wconf 82' lang='lat' dir='ltr'>atque</span> <span class='ocrx_word' id='word_1_545' title='bbox 1061 3975 1136 4013; x_wconf 77' lang='lat' dir='ltr'>divini</span> <span class='ocrx_word' id='word_1_546' title='bbox 1147 3973 1227 4016; x_wconf 73' lang='lat' dir='ltr'>tonadll</span> 
     </span>
     <span class='ocr_line' id='line_1_54' title="bbox 142 4013 806 4072; baseline -0.005 -17"><span class='ocrx_word' id='word_1_547' title='bbox 142 4017 220 4055; x_wconf 79' lang='lat' dir='ltr'>talibus</span> <span class='ocrx_word' id='word_1_548' title='bbox 229 4025 265 4064; x_wconf 88' lang='lat' dir='ltr'>per</span> <span class='ocrx_word' id='word_1_549' title='bbox 273 4025 296 4051; x_wconf 84' lang='lat' dir='ltr'>ea</span> <span class='ocrx_word' id='word_1_550' title='bbox 306 4014 382 4051; x_wconf 73' lang='lat' dir='ltr'>ceritas</span> <span class='ocrx_word' id='word_1_551' title='bbox 390 4015 460 4060; x_wconf 85' lang='lat' dir='ltr'>quaeri</span> <span class='ocrx_word' id='word_1_552' title='bbox 467 4013 523 4051; x_wconf 86' lang='lat' dir='ltr'>solet.</span> <span class='ocrx_word' id='word_1_553' title='bbox 695 4023 806 4072; x_wconf 61' lang='lat'>(1159031110,</span> 
     </span>
    </p>
   </div>
   <div class='ocr_carea' id='block_1_4' title="bbox 0 0 1380 4806">
    <p class='ocr_par' dir='ltr' id='par_1_6' title="bbox 0 0 1380 4806">
     <span class='ocr_line' id='line_1_55' title="bbox 0 0 1380 4806; baseline 0 0"><span class='ocrx_word' id='word_1_554' title='bbox 0 0 1380 4806; x_wconf 95' lang='lat' dir='ltr'> </span> 
     </span>
    </p>
   </div>
  </div>
 </body>
</html>
