2752 4806
118 496 120 507 '
148 487 190 536 432
263 493 266 500 '
552 485 679 530 saucii
696 482 866 529 amonesii

147 564 315 616 marcentibus
327 566 377 624 jam
392 563 493 613 tloribus
507 560 610 613 lubrica.
622 564 676 610 illic
701 576 784 610 serens
795 563 888 621 virtus,
900 559 926 608 et
942 569 1055 607 casurum
1071 554 1121 605 cito
1132 551 1232 611 uiduus,

148 635 336 690 comessantium
341 632 676 693 tumultus,concertantium
702 631 833 691 improviso
844 627 962 687 occurrit,
973 626 1053 675 verita
1061 637 1094 673 ne
1105 625 1173 673 iuter
1182 634 1232 671 mn·

149 704 253 762 elamor,
271 702 422 763 litigantium
438 701 530 758 caedes,
544 701 677 748 concentus
701 711 741 745 ras
756 697 880 745 illecebris
900 694 1098 743 demulcentibus
1109 703 1234 767 mensem

149 772 313 830 effluentium,
330 770 471 819 saltantium
495 769 625 829 strepitus,
641 768 677 814 ri·
701 768 906 826 piaturbumana.
916 765 1013 822 Palam,
1024 761 1231 822 inquit‚appsru1

148 838 261 886 dentium
267 839 412 897 cachinnus,
418 837 598 885 lascivientium
607 837 677 896 plau·
701 836 747 883 tibi
757 848 806 882 non
816 834 935 895 querenti
951 845 1001 880 me.
1011 833 1046 878 lte
1057 828 1129 879 fallat
1138 830 1231 889 impru-

148 919 203 967 sus,
216 907 322 955 contusa
335 907 434 966 omnia,
449 906 513 953 nibil
528 907 623 953 naturae
638 916 677 950 or·
701 903 814 962 dentem,
832 904 858 950 et
869 901 1046 949 circumveniat
1057 900 1083 947 te
1093 895 1232 946 mulieret·

148 973 216 1022 dlne.
235 974 377 1023 saltatrices
394 975 483 1033 tonsae,
500 974 525 1021 et
542 974 676 1032 crispantes
701 971 835 1020 fraenataet
845 971 1032 1029 luxuriosaque
1042 979 1092 1015 non
1103 966 1231 1027 uouitpu-

148 1042 219 1102 pueri
228 1055 310 1102 coma,
319 1043 473 1103 epulantium
480 1040 595 1100 cruditas,
602 1041 677 1087 eden·
701 1039 784 1086 dorem
797 1052 804 1085 :
815 1039 886 1086 sedet
895 1039 922 1084 in
932 1037 1025 1085 foribus
1038 1035 1128 1083 domus
1138 1034 1166 1081 in
1173 1032 1230 1081 selis

47 1128 50 1140 ·
148 1110 211 1159 tium
229 1112 326 1168 ructus,
345 1111 469 1159 ebriorum
479 1109 547 1168 sitis,
562 1111 676 1158 besterna
701 1102 1237 1168 palaminplateisadvocanspraetereuutssr

149 1179 262 1238 crapula,
277 1178 395 1227 hodierna
411 1178 572 1236 temulentia,
582 1177 676 1236 repleta
701 1178 769 1223 liure
784 1179 853 1236 ipitur
866 1176 901 1234 fili
916 1175 973 1222 audi
988 1188 1038 1232 me,
1049 1172 1143 1220 trstsudc
1159 1171 1231 1220 stertis

149 1243 243 1291 vomitu
253 1245 392 1293 bibentium
401 1246 490 1305 pocula
500 1244 591 1302 majore
603 1245 675 1291 odore
701 1247 748 1292 oris
765 1247 819 1292 mei.
838 1246 892 1291 Nou
910 1244 1005 1291 dectinet
1021 1244 1048 1289 irs
1066 1243 1119 1290 vias
1133 1240 1242 1300 sicessos·⁴

149 1310 676 1371 ebrietatis‚quamsireceutiatuntumvina
703 1315 777 1359 tuum.
789 1312 946 1360 Multoseuim
954 1311 1098 1359 oulueraudo
1106 1308 1229 1367 dejectus!

149 1377 288 1438 flagrarent.
297 1381 351 1440 ipsa
362 1381 388 1427 in
399 1380 479 1427 medio
490 1381 565 1428 stans.
578 1380 675 1438 bibite,
700 1383 755 1427 suast
771 1379 950 1427 innumerabiles
961 1391 1017 1439 quos
1034 1376 1228 1443 cremauere

149 1447 243 1508 inquit,
254 1450 280 1497 et
295 1450 466 1510 inebriamini,
477 1452 506 1499 ut
521 1450 591 1498 cadut
601 1462 677 1496 unus-
702 1448 830 1507 iuferorum
841 1451 921 1496 domus
939 1448 1002 1506 erius,
1013 1447 1149 1493 deutaceutss
1164 1444 1228 1492 isse

149 1516 266 1578 quisque,
278 1519 304 1566 et
317 1531 367 1565 non
374 1519 493 1579 resurgat.
504 1520 548 1566 ille
562 1518 626 1578 apud
636 1529 676 1564 me
701 1529 788 1564 cessum
803 1519 892 1565 suariis.
904 1517 979 1575 Aufer
998 1512 1122 1576 iqiturtibc'
1133 1525 1227 1575 prauum
1253 1552 1256 1559 .

150 1585 677 1647 primus‚quiomniumperditissimus.111e
702 1598 739 1644 os,
751 1587 871 1645 stinjusta
889 1586 953 1633 tabia
973 1585 1039 1646 touqe
1054 1599 1071 1632 c
1086 1587 1106 1633 te
1121 1583 1226 1646 propelle·
1271 1614 1273 1619 »

150 1665 220 1701 meus
230 1654 281 1713 est,
300 1654 343 1714 qui
361 1668 418 1702 suus
432 1667 482 1701 non
496 1654 542 1701 est.
558 1656 603 1702 ille
614 1656 676 1702 mibi
702 1654 768 1702 Oculi
777 1655 978 1702 luirectootdeaut
987 1654 1053 1702 :uoti
1062 1645 1227 1710 intenderetu-

150 1721 255 1781 qratior,
266 1722 309 1782 qui
320 1721 368 1769 sibi
382 1722 495 1781 nequior.
506 1722 574 1769 calix
589 1735 677 1770 aureus
702 1720 749 1768 laci
761 1723 861 1770 mulieri.
879 1722 950 1768 bleila
968 1722 1034 1769 enim
1053 1719 1228 1769 distillabunta

149 1789 280 1849 Babylonis
288 1791 315 1836 in
324 1802 400 1837 manu
415 1801 470 1837 mea
488 1790 613 1837 inebrians
623 1804 677 1838 om·
702 1789 773 1837 labiis
784 1790 894 1838 mulieris
903 1784 1053 1849 fornicarias,
1063 1803 1120 1851 quae
1131 1787 1163 1836 aci
1172 1789 1228 1838 un

149 1868 208 1904 uem
217 1859 321 1917 terram,
332 1869 346 1905 a
357 1858 415 1905 rino
427 1869 481 1904 meo
492 1857 609 1905 biberunt
625 1871 677 1905 om·
702 1870 747 1916 pus
758 1859 894 1918 impinguat
905 1859 986 1907 lauces
995 1859 1063 1916 tuas,
1076 1859 1164 1919 postea
1173 1867 1228 1906 uero

150 1936 196 1973 nes
214 1928 308 1985 pentes.
327 1927 374 1984 Qui
392 1926 430 1974 est
447 1938 504 1984 erqo
521 1926 678 1985 insipientior
703 1926 845 1974 amariorem
853 1926 911 1974 telle
919 1927 1104 1974 inveniesnies
1112 1925 1227 1974 mecitius

151 1991 258 2041 divertat
266 1994 297 2041 ad
307 2007 361 2052 me,
370 1994 396 2042 et
404 1994 572 2052 indigentibus
582 1994 678 2053 sapien·
703 1992 821 2040 deiecerit
836 2007 909 2054 quam
919 1995 990 2042 uitia
1016 1995 1071 2053 ejus
1094 2006 1227 2054 exponam,

150 2061 187 2108 tia
202 2062 318 2122 precipio
335 2063 421 2110 dicens
436 2063 563 2111 :Panibus
581 2063 678 2111 abscou—
703 2073 756 2119 quae
765 2061 848 2108 temen
859 2063 885 2109 in
898 2061 1037 2122 Proverbiis
1047 2075 1089 2110 ore
1101 2062 1227 2122 sapientie

119 2157 123 2173 .·
151 2130 203 2177 ditis
219 2133 320 2178 suaviter
336 2132 477 2187 utimini,et
490 2143 577 2189 aquam
596 2131 678 2189 metim
703 2127 824 2188 descripta
842 2131 915 2190 atque
926 2143 1041 2189 expressa
1060 2131 1128 2179 sunt.
1140 2133 1193 2178 Non
1205 2131 1227 2178 te

151 2198 276 2246 dulciorem
293 2199 369 2246 bibite.
393 2199 558 2245 Manducemus
576 2201 598 2244 ct
613 2198 678 2245 biba·
702 2197 785 2244 vincat
803 2198 886 2246 formae
905 2199 1112 2259 concupiscentia.
1133 2199 1228 2247 edulc-

151 2279 217 2326 mus‚·
228 2281 280 2315 cros
292 2269 355 2315 euim
364 2269 501 2315 moriemur.
514 2267 620 2313 wansiet
630 2269 677 2314 aito
702 2263 755 2310 rina
767 2264 817 2324 est,
837 2265 900 2312 lucis
910 2266 987 2325 illita,
1004 2278 1163 2327 nequaqnam
1174 2278 1227 2315 vero

150 2339 233 2384 nostra
251 2339 372 2397 tamquam
382 2337 478 2396 uestiqia
488 2335 569 2392 uubis,
583 2338 606 2383 et
616 2339 678 2383 tam·
702 2343 731 2378 ac
741 2332 836 2381 siucero
843 2332 939 2392 fulgens
949 2334 1046 2381 decore.
1057 2333 1228 2394 Nequeeapiu-

151 2417 223 2464 quam
240 2405 325 2453 nebula
345 2404 500 2464 dissipabitur.
523 2405 605 2452 Venite
624 2418 677 2464 erqo
702 2400 836 2461 risoculis;
851 2401 998 2449 circumfusa
1013 2403 1080 2450 enim
1091 2403 1226 2451 retiasnnt.

150 2471 261 2529 truamur
272 2474 337 2521 bouis
347 2475 470 2533 quesunt,
481 2475 503 2520 et
511 2475 606 2520 utamur
614 2488 678 2522 crea·
702 2469 757 2515 Esto
767 2472 844 2528 magis
854 2470 941 2517 similis
951 2470 1017 2517 iliius
1026 2471 1052 2517 et
1059 2483 1168 2530 sequere
1175 2481 1226 2517 eum

151 2541 206 2586 turo
212 2542 331 2599 tamquam
339 2543 365 2587 c'u
370 2541 489 2599 juveutute
497 2541 606 2588 celeriter.
616 2544 677 2590 Viuo
702 2537 746 2595 qui
757 2537 811 2585 salit
823 2550 896 2596 super
905 2539 1014 2597 montes,
1025 2538 1050 2586 et
1060 2539 1183 2586 transsilit
1191 2551 1227 2585 su·

147 2609 248 2666 pretioso
262 2611 284 2656 ct
298 2612 419 2669 unquentis
437 2622 479 2657 uos
496 2611 645 2669 impleamus,
656 2615 677 2660 et
702 2608 844 2665 perennes,
861 2607 1012 2666 prOSpiciells
1030 2619 1077 2666 per
1094 2606 1226 2664 fenestris,

150 2688 197 2723 nou
206 2681 328 2736 pretereat
338 2692 381 2726 uos
390 2680 433 2737 flos
448 2680 563 2738 temporis.
576 2681 678 2727 Corone-
702 2675 814 2722 eminens
831 2688 905 2734 super
915 2676 986 2723 retia.
1002 2675 1065 2722 blata
1075 2678 1133 2723 suut
1145 2676 1228 2734 volup·

150 2748 449 2807 mueassrasieanteqaam
456 2748 677 2795 mercamentum.
702 2742 759 2789 tatis
773 2743 879 2790 vincula.
897 2744 983 2790 oculos
1000 2744 1124 2802 delectat,
1136 2745 1227 2792 demul-

149 2813 198 2861 tum
201 2817 296 2875 protum
301 2818 394 2876 sitquod
400 2829 448 2862 uou
453 2818 600 2876 pertranseat
605 2816 675 2864 laea·
702 2811 832 2872 celatum,
841 2812 884 2859 sed
892 2812 1000 2877 mentem
1009 2813 1125 2871 inquinat
1135 2826 1143 2858 r
1154 2813 1228 2860 mults

44 2915 51 2927 .
150 2883 188 2928 rio
206 2885 311 2931 uostra‘:
330 2884 413 2944 ubique
431 2886 589 2944 relinquamus
608 2888 676 2945 siqua
701 2881 833 2939 mentitur,
849 2881 909 2927 filia
920 2881 1044 2940 adiungit,
1062 2893 1122 2928 iffi
1138 2881 1228 2929 subdu·

150 2949 245 2997 loetr‘lioe.
256 2951 312 2997 llaec
323 2952 404 2997 omnia
414 2952 602 3010 relinquuntur,
612 2952 676 3000 nihil
701 2948 747 3008 cit,
767 2950 870 3007 spondet
888 2949 1032 3009 pecuniam,
1047 2961 1137 2997 aurum
1148 2950 1228 3005 otiert;

150 3027 233 3063 secum
250 3017 305 3075 quis
320 3017 398 3077 ieret,
418 3019 466 3066 nisi
482 3019 550 3080 ¹quod
568 3020 676 3081 corporis
701 3017 744 3063 sed
752 3018 832 3064 aufert
840 3018 1044 3077 disciplinam'lu
1052 3019 1138 3065 autem
1146 3017 1228 3077 accipe

149 3083 675 3146 voluptateperceperitlleuiqueeqoistam
700 3086 1038 3146 potiusdiscipiiuam‚quam
1048 3086 1229 3146 pecuniam‚et

150 3151 247 3198 institui
262 3152 453 3214 philosophiam
464 3165 509 3202 nec
523 3155 560 3202 est
573 3155 621 3203 ulia
632 3168 675 3203 ve·
700 3155 827 3202 scientiam
838 3168 911 3216 super
928 3167 1015 3201 aurum
1026 3155 1168 3218 probatum.
1180 3155 1229 3203 Ho-

149 3219 216 3279 rior‚
225 3219 275 3266 nisi
286 3233 316 3268 ea
332 3234 386 3279 quae
402 3221 492 3268 bonum
505 3222 595 3270 adserit
610 3225 675 3284 quod
700 3221 747 3268 lior
757 3224 794 3269 est
804 3222 871 3270 enim
878 3221 1000 3281 lapidibus
1008 3221 1132 3281 pretiosis.
1141 3223 1195 3269 Non
1205 3223 1228 3268 te

149 3289 305 3348 suavestque
314 3290 675 3353 jucundumsitAErgovelpbi-
700 3291 783 3337 celabo
799 3304 853 3349 quae
871 3302 965 3337 summa
984 3289 1183 3350 disseruntur,
1197 3302 1228 3337 ne

149 3357 266 3415 losopbiae
279 3359 321 3406 uel
334 3358 461 3418 sapientise
476 3358 610 3408 Salomonis
621 3374 675 3409 cre·
699 3356 784 3403 uidear
804 3357 932 3418 deoperire
955 3370 1008 3416 quae
1023 3357 1184 3417 'displiceant
1202 3359 1229 3406 iu

148 3424 211 3474 dite.
699 3426 876 3487 voluptate,et
886 3429 1031 3474 obumbrare
1040 3439 1096 3486 quae
1105 3428 1228 3486 placeant.

369 3492 472 3508 “““““““
699 3496 785 3543 Elevat
795 3496 862 3543 enim
873 3497 898 3543 et
914 3495 1010 3544 extollit
1021 3496 1131 3542 mentem
1146 3508 1228 3544 suaso-

325 3550 450 3604 CAPUT
469 3551 506 3602 V·
587 3562 590 3567 '
699 3562 742 3610 riis
750 3564 846 3623 verbis,
857 3563 1052 3611 ostenditomnia
1061 3575 1139 3622 reqna
1148 3563 1228 3621 terre,

149 3639 263 3693 sollicitato
273 3641 387 3687 avoluptat
395 3652 399 3663 =
407 3641 477 3680 virtus
484 3640 567 3679 saniora
576 3643 672 3680 consulit:
699 3631 782 3678 dicens
793 3646 799 3678 :
812 3634 868 3680 Haec
884 3633 965 3679 omnia
979 3631 1027 3679 tibi
1045 3631 1124 3688 (labo,
1140 3630 1163 3677 Si
1174 3644 1228 3692 pm·

171 3692 279 3739 quomodo
292 3692 397 3731 diabolicis
409 3695 561 3732 tentationibus
576 3697 673 3733 reusren-
699 3698 782 3746 cidens
799 3701 938 3749 adoraveris
954 3712 1003 3747 me.
1017 3699 1054 3745 lbi
1076 3701 1105 3746 tu
1121 3711 1184 3746 cavo
1197 3711 1226 3746 ne

170 3744 673 3844 ἓξὲζῶξξἰῇξοὶζξζζζζᾞζζιξῑξζμὲζζξῇ
698 3767 800 3826 rapiaris
825 3781 839 3815 a
867 3767 1098 3828 praeterlabentibus
1128 3767 1156 3814 et
1181 3779 1227 3812 nnn

170 3849 246 3887 invitat
254 3849 411 3886 adconvivium
418 3850 560 3897 sapientiss‚et
568 3851 621 3898 quid
630 3851 675 3897 ejus
699 3836 866 3895 mallentibus,
877 3838 903 3883 ill
914 3838 1002 3897 qulbus
1018 3848 1107 3896 magna
1124 3834 1226 3884 tentatio

170 3903 259 3940 ebrietas
275 3911 287 3938 a
302 3902 418 3940 vinolentia
433 3903 547 3951 discrepet,
560 3905 626 3952 aperit
636 3916 642 3941 ι
651 3915 674 3942 ao
700 3909 745 3954 est,

172 3955 361 3995 '‘mma‘'”ffiae
369 3956 531 3994 m¹¹³⁶⁶⁶¹³¹³¹·
729 3974 767 4020 16.
785 3975 874 4022 Docuit
894 3975 918 4023 te
937 3986 1004 4022 certe
1024 3973 1139 4020 dominus
1157 3973 1225 4019 lesus

132 4069 153 4084 0
178 4039 217 4086 lb.
228 4035 466 4098 lbsauditis‚ve1nt
477 4038 674 4098 cervussaqitta-
698 4041 902 4101 quemadmodum
934 4042 1052 4089 aduersus
1087 4038 1226 4098 hujusmodi

149 4110 188 4158 tus
197 4108 224 4158 in
232 4107 315 4166 iecore
326 4108 404 4157 baeret
414 4107 517 4155 saueius.
530 4107 608 4166 Quom
626 4109 673 4156 rni-
699 4109 848 4159 tentationes
863 4111 971 4160 resistas.
983 4109 1133 4159 retenderat
1145 4109 1227 4158 diulu-
