2752 4806
240 399 271 446 oo
299 439 301 445 .
619 395 748 443 SANG'll
767 393 940 440 AMBROSU

137 536 141 540 ,
241 481 348 544 quiante
361 493 411 529 non
426 479 510 528 fuerit.
519 478 627 526 Prlmum
637 480 687 536 jam
700 477 765 525 diem
791 475 912 536 legimus?
922 476 948 523 si
966 485 1068 535 magnus
1079 472 1116 522 est
1131 472 1174 534 qui
1189 483 1236 533 per
1246 471 1319 520 hora·

221 542 224 547 ⁴
239 555 293 599 sine
303 553 354 598 sole
370 549 526 597 transivimus
542 548 694 594 :secundum
711 547 764 594 sine
791 558 844 591 rum
856 545 925 592 vices
936 544 995 591 locis
1007 543 1049 589 aut
1066 543 1174 601 accedit,
1186 541 1230 589 aut
1245 540 1318 586 ‹lecc-

241 621 291 666 sole
314 617 476 676 transegimus
495 629 501 661 r
522 615 624 662 tertium
639 614 693 660 sine
714 613 764 660 sole
791 613 829 660 dit
841 610 1107 674 quotidic3qualisille
1118 612 1162 670 qui
1172 610 1249 657 etiam
1261 619 1320 654 cum

240 683 404 731 confecimus:
414 683 500 741 quarto
511 678 763 738 dieiuhetDeusfreri
790 694 816 729 se
836 681 988 738 exinaniret,
1009 680 1038 726 ut
1052 690 1097 726 nos
1112 689 1172 725 eum
1190 686 1319 736 possemus

240 750 370 796 luminaria
382 750 473 806 solem,
485 748 511 794 et
520 749 618 805 lunam,
636 749 662 794 ei
672 746 763 793 stellas.
790 740 890 808 v‘idere,
902 749 956 795 erat
970 749 1054 794 lumen
1072 759 1173 805 verum,
1185 743 1252 804 quod
1262 743 1318 788 illu-

239 818 279 864 Soi
300 817 403 877 incipit,
415 815 520 864 emunda
537 817 620 863 oculos
635 814 764 871 meniis,o
790 817 868 862 minat
880 828 977 863 omnem
992 815 1119 861 bominem
1136 808 1320 860 venientemin

239 886 325 944 homo,
337 887 461 944 animique
471 885 601 931 interiores
612 884 724 941 obtutus,
733 894 764 928 nc
791 886 855 932 trunc
863 884 996 932 mundum?
1005 884 1030 930 Si
1040 881 1267 941 praestantissimus,
1275 876 1318 938 qul

239 965 287 1012 qua
298 953 391 1000 festuca
402 953 496 1012 peccati
507 953 585 999 aciem
595 952 632 999 tui
642 951 766 1011 praestrin·
790 954 888 1012 objectu
905 955 977 1001 terrae
996 952 1090 1012 patitur
1107 961 1172 1009 saepe
1188 947 1318 1005 defectus3

239 1023 280 1081 gat
287 1021 481 1081 ingenii,etpuri
490 1022 569 1068 cordis
577 1020 660 1068 turbet
666 1021 766 1078 adspec-
790 1022 886 1081 quantae
897 1020 1032 1078 majestatis
1042 1017 1085 1078 qui
1096 1017 1131 1064 ait
1144 1017 1243 1066 :Adhuc
1249 1014 1319 1064 amr

239 1094 301 1136 tum.
314 1091 423 1136 Emunda
439 1102 543 1146 aurum,-
555 1089 584 1136 ut
593 1100 651 1134 vase
669 1088 765 1135 sincero
790 1089 930 1148 epomovebo
941 1086 1046 1135 terram?
1056 1086 1129 1132 Illum
1138 1085 1206 1132 terra
1216 1085 1319 1132 abscon·

167 1160 170 1167 “
240 1159 371 1218 Scripturas
386 1158 475 1204 divina
492 1156 571 1204 nitida
581 1155 676 1203 fluenta
688 1156 765 1202 susci·
790 1158 841 1215 dit;
851 1157 922 1203 istius
929 1155 1023 1202 motum
1033 1153 1170 1212 nonpotest
1180 1152 1317 1208 sustinere,

240 1226 307 1284 pias,
316 1238 348 1272 ne
359 1238 407 1285 qua
421 1225 573 1282 ingrediatur
580 1225 700 1284 contagio.
706 1228 765 1272 Pro-
791 1224 839 1271 nisi
849 1219 1183 1280 voluntatiseiussubstantia
1191 1218 1316 1266 fulciatur.

241 1294 307 1340 cedit
322 1294 358 1339 sol
377 1304 463 1351 magno
477 1291 564 1348 iubare
581 1291 662 1351 diem,
679 1306 765 1352 magno
790 1293 815 1339 Si
824 1305 888 1340 caeco
896 1292 1012 1338 damnum
1021 1291 1059 1337 est
1067 1289 1140 1347 huius
1148 1288 1207 1336 solla
1214 1286 1320 1348 gratiam

241 1359 359 1405 mundum
376 1359 500 1416 complens
516 1357 627 1415 lumine,
646 1371 766 1419 vaporans
790 1372 839 1406 non
864 1360 964 1418 videre;
985 1359 1076 1418 quanto
1096 1357 1172 1415 magis
1191 1353 1317 1416 peccatori

241 1428 400 1473 calorecave
409 1439 423 1472 o
433 1427 505 1473 homo
515 1426 591 1472 solam
600 1430 653 1484 eiua
661 1439 766 1486 perpen-
791 1429 919 1487 damnum,
930 1427 984 1475 veri
992 1426 1093 1473 luminis
1103 1437 1207 1471 munere
1219 1423 1318 1471 defrau-

241 1495 301 1542 dare
314 1494 521 1553 magnitudinem
535 1507 567 1541 ne
582 1495 673 1543 nimius
687 1495 766 1554 fulgor
791 1497 888 1556 datum,
899 1497 1026 1558 perpetuas
1037 1494 1116 1542 noctis
1133 1493 1251 1541 tenebras
1268 1504 1318 1543 sua·

243 1563 296 1621 cius
307 1565 374 1611 visus
384 1566 432 1610 tum
444 1564 533 1611 mentis
544 1565 652 1611 olrcaecet
663 1578 669 1609 ε
687 1566 766 1625 utqui
790 1566 896 1616 tineret.

242 1632 367 1690 eregione
380 1632 405 1677 in
416 1631 513 1677 radium
524 1631 577 1689 ojus
593 1630 715 1692 intendit,
726 1645 767 1679 re·
816 1635 845 1683 ,5.
862 1636 923 1693 Ergo
943 1645 999 1679 cunr
1018 1630 1089 1679 vides
1109 1629 1199 1690 sotem,
1218 1627 1320 1677 attende

242 1709 357 1757 percusso
367 1698 460 1744 lumine
471 1710 569 1744 omnem
579 1698 660 1746 subito
675 1700 767 1749 amittit
791 1700 895 1758 terram,
907 1713 960 1759 quae
971 1700 1027 1746 ante
1038 1696 1137 1744 fundata
1149 1698 1186 1744 cst
1197 1709 1204 1742 a
1218 1695 1321 1743 attende

243 1767 384 1824 adspectum
393 1779 403 1826 ;·
419 1779 447 1813 ac
464 1767 512 1814 nisi
531 1767 557 1814 in
575 1771 675 1816 caeteras
685 1771 767 1827 partes
792 1772 893 1818 herbam
904 1771 977 1829 imni,
986 1782 1041 1830 quae
1051 1767 1151 1828 praestat
1161 1766 1256 1814 ordinis
1267 1764 1320 1826 pri-

242 1834 340 1881 vultum
368 1847 440 1882 suum
466 1835 597 1895 oculosque
625 1840 766 1897 convertat,
793 1840 901 1899 vilegio:
918 1837 1110 1896 attendeligna,
1128 1847 1184 1895 quae
1197 1835 1318 1894 plaudunt

243 1905 349 1951 aestimat
359 1916 384 1951 sc
394 1905 458 1950 nihil
467 1905 569 1963 videre,
580 1906 605 1952 et
616 1905 702 1953 tuendi
712 1920 768 1954 mu·
792 1909 856 1967 quod
865 1908 946 1969 priora
956 1906 1091 1953 luminibus
1101 1905 1157 1952 coeli
1173 1916 1227 1951 esse
1238 1913 1319 1962 caepe-

243 1978 303 2020 n‘cre
315 1984 368 2019 csse
379 1972 517 2020 fraudatum
530 1986 536 2018 τ
549 1974 568 2020 si
581 1986 640 2021 vero
654 1975 768 2024 deflectat
793 1975 859 2022 runt.
881 1973 1004 2033 Numquid
1027 1972 1116 2020 merita
1141 1970 1201 2017 foeni
1226 1970 1317 2027 majora

244 2040 369 2098 obtutum,
379 2041 502 2100 integrum
513 2042 560 2089 sibi
568 2042 676 2089 officium
686 2057 768 2104 perse·
792 2055 864 2101 quam
879 2041 954 2089 solist
966 2040 1014 2087 Aut
1027 2036 1146 2098 numquid
1162 2036 1246 2098 potior
1259 2035 1317 2096 ligni

207 2126 211 2134 ·
242 2109 321 2154 verat.
333 2108 395 2154 Cave
414 2108 534 2166 igiturne
552 2111 578 2156 et
595 2110 667 2157 tuum
686 2112 769 2158 radius
793 2107 1043 2170 prerogativaidbsit
1052 2109 1080 2154 ut
1090 2106 1247 2155 insensibilia
1257 2104 1316 2152 tanti

244 2174 299 2230 cius
307 2174 422 2221 exoriens
433 2174 566 2221 confundat
578 2176 729 2234 adspectum.
740 2180 768 2226 Et
793 2180 901 2225 muneris
926 2177 1084 2237 praeferamus
1105 2174 1229 2221 ministro.
1255 2171 1320 2230 Qirid

243 2242 301 2288 ideo
315 2242 382 2300 prius
392 2241 571 2288 firmamentum
590 2242 646 2289 coeli
656 2244 768 2305 adspice,
794 2245 869 2303 igitur
888 2243 1002 2304 praevidit
1022 2241 1126 2290 altitudo
1144 2238 1274 2298 sapientiae
1293 2235 1319 2284 et

194 2317 198 2329 ⁸
244 2310 310 2370 quod
328 2312 386 2357 ante
404 2311 480 2357 solem
494 2309 587 2357 factum
603 2313 641 2358 est
659 2313 768 2365 :terram
794 2310 973 2368 scientiarum,
984 2309 1012 2356 ut
1022 2309 1090 2368 prius
1105 2305 1318 2366 inciperentlipna

244 2378 357 2438 adspice,
375 2392 430 2439 quae
450 2379 581 2438 antequam
598 2380 633 2428 sol
651 2383 769 2439 procede·
794 2392 862 2437 esse,
873 2392 947 2439 quam
958 2380 1002 2426 iila
1017 2379 1065 2425 duo
1080 2374 1317 2432 mundiluminaria,

245 2448 298 2505 ret,
315 2445 452 2504 coepitessc
465 2447 571 2494 visibilis
586 2449 659 2508 atque
671 2461 769 2509 compo-
794 2449 928 2507 etquidam
947 2446 1054 2493 coelestis
1073 2445 1137 2492 oculi
1154 2442 1317 2498 firmamenti3

246 2506 316 2559 siti:
335 2513 445 2572 germina
460 2514 513 2571 eius
531 2515 629 2574 adspice
645 2519 769 2566 anteriora
793 2515 840 2562 nisi
851 2514 879 2561 ut
889 2512 1063 2573 cognoscerent
1073 2522 1156 2558 omnes
1164 2509 1257 2557 divinae
1273 2509 1319 2556 tes·

246 2582 303 2629 solis
323 2581 427 2628 lumine.
445 2580 558 2631 laterior
576 2585 684 2634 bruchus
697 2600 769 2646 quam
795 2583 895 2629 timonio
906 2581 1019 2629 lectionis
1027 2581 1116 2627 terram
1125 2578 1178 2625 sine
1188 2577 1241 2624 sole
1250 2587 1321 2636 posse

246 2649 300 2708 sol,
316 2650 439 2710 antiquior
453 2651 528 2697 herba
548 2666 623 2712 quam
638 2654 704 2701 luna.
715 2657 768 2702 Noli
794 2665 847 2700 esse
866 2650 1087 2698 foecundamtliam
1097 2661 1151 2708 quaa
1168 2647 1251 2707 potuit
1267 2647 1322 2695 sine

247 2731 304 2778 ergo
314 2720 393 2767 Deum
402 2719 517 2777 credere,
529 2722 568 2768 cui
579 2721 648 2769 vides
659 2723 703 2779 Dei
716 2737 770 2772 mu·
794 2721 844 2766 sole
862 2720 941 2778 prima
957 2730 1041 2765 rerum
1057 2717 1151 2765 semina
1167 2714 1318 2773 genuinam,

247 2798 307 2833 nera
318 2799 371 2834 esse
389 2787 497 2846 praelata.
507 2788 566 2838 Tres
584 2787 637 2838 dies
652 2791 768 2841 transacti
793 2789 970 2848 potestatique
986 2788 1080 2834 semina
1096 2785 1196 2844 accepta
1205 2784 1320 2842 nutrire,

247 2858 318 2915 sunt,
329 2856 354 2903 et
373 2857 449 2904 solem
464 2869 538 2905 nemo
549 2859 676 2918 quaesivit,
693 2861 719 2908 et
734 2863 770 2908 lu·
795 2858 820 2905 et
830 2858 928 2918 proprio
937 2856 990 2903 fotu
1004 2856 1057 2904 siue
1073 2854 1153 2904 caiore
1168 2852 1227 2901 solis
1236 2853 1320 2913 partus

246 2923 321 2969 minis
339 2924 436 2970 claritas
453 2926 596 2973 abundavit.
605 2926 686 2973 Habet
704 2929 770 2975 euim
795 2927 878 2973 edere.
1136 2936 1139 2941 '

248 2997 274 3037 et
285 2991 337 3037 dies
348 3003 416 3036 suam
427 2990 582 3054 lucem‚quae
591 3004 724 3051 praeccssor
734 2998 770 3043 est
824 2993 848 3039 t.
866 2994 916 3041 Hac
933 2993 1007 3052 igitur
1024 3003 1085 3042 voce
1096 2990 1201 3050 quadam
1218 3001 1320 3037 suorum

248 3059 313 3104 solis.
325 3058 376 3104 Non
385 3058 459 3117 igitur
469 3061 495 3105 te
504 3063 572 3106 tanto
581 3059 705 3119 splendori
713 3063 771 3110 solis
795 3071 923 3108 munerum
931 3061 1020 3107 clamat
1027 3060 1213 3106 naturatltonus
1219 3057 1320 3117 quidem

248 3126 343 3173 temera
366 3128 512 3174 committas.
532 3129 623 3174 Oculus
643 3130 682 3176 est
705 3131 770 3177 enim
795 3126 1321 3189 sol‚sedministerio‚nonimperiozbouus

248 3193 636 3254 muudi,iucunditasdiei,coeli
650 3198 771 3254 pulcritu-
795 3210 856 3244 meae
885 3198 1052 3245 foecunditatis
1072 3197 1183 3254 adiutor,
1206 3196 1252 3242 sed
1272 3205 1319 3240 non

248 3261 391 3321 do,naturaa
399 3263 634 3322 gratia,praestantia
644 3265 769 3314 creaturae.
796 3262 1319 3320 creatorrhonusmeorumaltorfructuum‚

278 3329 302 3376 2.
312 3329 359 3377 Sed
369 3331 465 3392 quando
480 3332 545 3380 hunc
552 3332 636 3393 vides,
647 3334 771 3382 auctorem
796 3336 839 3383 sed
849 3348 898 3382 non
908 3337 1001 3383 auctor.
1015 3335 1143 3382 luterdum
1158 3334 1244 3392 partus
1254 3343 1321 3380 meos

249 3401 304 3460 cius
321 3398 446 3446 considera
458 3413 464 3445 r
474 3401 569 3459 quando
577 3401 642 3449 hunc
660 3403 770 3464 miraris,
796 3405 885 3467 etipse
897 3404 978 3451 adurit
988 3417 995 3448 r
1004 3402 1147 3462 frequenter
1154 3400 1217 3447 mihi
1233 3401 1260 3448 et
1268 3401 1321 3459 ipse

249 3468 322 3515 lauda
340 3468 409 3525 prius
424 3468 502 3527 ipsius
522 3469 668 3517 creatorem.
680 3471 707 3518 Si
721 3472 771 3518 tam
797 3472 883 3519 damno
895 3475 946 3532 est,
962 3473 1087 3531 plerisque
1098 3482 1138 3516 me
1149 3470 1209 3516 locis
1224 3468 1322 3517 indota-

249 3536 331 3594 gratus
342 3535 380 3582 cst
387 3533 422 3582 sol
433 3548 529 3583 consors
540 3537 565 3583 ct
576 3538 697 3597 particeps
705 3552 771 3587 crea·
797 3541 846 3599 iam
863 3542 990 3600 relinquit.
1008 3543 1060 3588 Non
1078 3548 1131 3586 sum
1150 3539 1246 3597 ingrata
1264 3551 1322 3585 con-

249 3603 493 3661 turae,quan1honus
507 3607 544 3650 cst
559 3607 594 3651 sol
604 3606 648 3654 illc
656 3607 770 3673 iustitiae!
796 3621 882 3667 servo,
893 3611 955 3656 milri
965 3610 1002 3657 est
1011 3610 1037 3656 in
1046 3620 1117 3656 usum
1128 3607 1211 3666 datus,
1222 3617 1321 3654 mecum

250 3672 276 3719 si
285 3673 336 3718 iam
350 3672 425 3719 velox
442 3673 504 3728 istc,
514 3673 543 3719 ut
560 3675 651 3733 rapidis
663 3677 772 3724 cursibus
797 3676 874 3723 labori
882 3678 919 3724 est
926 3675 1087 3735 mancipatus,
1093 3686 1189 3722 mecum
1197 3673 1322 3731 subjectus

249 3742 277 3786 in
289 3739 329 3785 die
338 3751 365 3785 ac
376 3738 448 3786 nocte
457 3740 545 3786 lustret
561 3743 656 3802 omnia;
668 3745 772 3802 quantus
798 3746 835 3792 cst
852 3746 969 3804 vanitati,
980 3757 1078 3792 mecum
1093 3743 1256 3802 corruptionis
1264 3742 1323 3790 suli·

250 3809 292 3854 ilic
301 3808 343 3867 qui
351 3808 442 3867 ubique
453 3821 550 3867 semper
558 3809 604 3868 est,
613 3812 638 3856 et
646 3810 771 3868 majestate
797 3813 862 3860 ditus
882 3815 1005 3860 servituti.
1025 3815 1118 3860 liscum
1147 3812 1322 3872 congemiscit,

250 3889 293 3922 sua
305 3876 410 3933 complet
420 3876 519 3922 omnia?
530 3876 555 3922 si
568 3877 722 3925 admirabilis
730 3880 772 3938 qui
796 3891 893 3927 mecum
901 3879 1143 3940 parturit,utveniat
1152 3878 1252 3940 adoptio
1262 3879 1324 3926 filio-

248 3944 351 4003 jubetur
364 3945 447 4004 exire,
461 3957 534 4005 quam
549 3957 622 4006 supra
633 3946 771 3996 admiratio·
797 3961 865 4006 rum,
876 3950 902 3996 et
911 3950 1012 3995 humani
1020 3951 1118 4008 generis
1127 3948 1263 4008 redemtio,
1275 3959 1322 4008 quo

250 4025 307 4060 uem
318 4013 359 4074 qui
372 4012 433 4060 dicit
443 4013 501 4073 soli,
511 4015 537 4062 et
546 4027 594 4062 non
611 4015 734 4077 exoritur,
744 4018 772 4064 ut
797 4019 916 4077 possimus
926 4018 950 4065 et
961 4030 1004 4065 nos
1019 4031 1032 4064 a
1043 4017 1142 4075 servitio
1152 4017 1263 4065 libcrari.
1272 4016 1324 4064 ltc-
