2752 4806
193 358 198 363 ’
216 365 262 413 tos
607 367 727 412 sanem
744 338 906 411 nu'nnosn

216 449 325 509 conteri,
336 451 363 499 ut
382 448 408 498 iu
427 449 539 498 futurum
556 449 745 496 consolationem
770 448 847 496 bonus
863 447 914 507 est,
926 449 985 508 quia
1000 446 1110 495 Salvator
1124 448 1165 496 est
1181 447 1308 509 omnium,

213 519 326 567 invenire
352 519 441 579 possit;
459 518 542 566 sciens
562 517 678 577 quoniam
702 516 745 576 qui
770 516 1309 576 maximefidelium3etideoreuitllorniuus

213 587 277 634 bona
289 588 412 648 receperit
423 588 450 634 in
462 588 507 635 hac
519 586 584 646 vita,
596 586 672 634 habet
682 598 746 632 mor·
769 587 848 645 iesus,
856 588 884 634 ut
894 587 991 634 salvum
1000 585 1093 632 faceret
1101 586 1168 645 quod
1179 587 1307 646 perierat,

213 658 299 704 cedem
320 670 402 716 suam,
423 657 504 704 futura
524 655 625 716 praemia
646 667 744 714 sperare
769 655 838 702 venit
846 656 914 702 enirn
922 655 947 701 ut
956 654 1084 713 peccatum
1093 655 1184 701 mundi
1194 655 1307 703 tolleret:

212 726 744 785 nonpoterit,quinonluetatnsmonexer-
768 723 871 769 vulnera
890 724 971 769 nostra
990 724 1098 770 curaret.
1111 723 1162 770 Sed
1181 724 1240 783 quia
1259 736 1308 770 non

212 794 302 843 citatus
318 796 350 842 sit
364 796 516 843 diversorum
533 796 667 842 certamine
681 807 745 853 prae-
768 802 853 838 ournes
863 792 1012 838 medicinam
1023 792 1161 850 expetunt,
1173 792 1219 838 sed
1229 793 1308 851 pleri-

212 863 311 909 liorum.
321 864 368 921 Qui
379 869 438 911 v'ero
448 864 500 910 sive
510 863 575 921 juste
587 863 641 910 sive
652 862 743 921 iniuste
767 871 816 917 que
831 860 971 920 refugiunt,
983 872 1014 906 ue
1029 859 1222 908 medicamentis
1240 873 1308 906 conr-

212 931 318 979 afticitur
333 934 359 978 in
376 933 422 978 bac
439 932 541 990 saeculo,
553 931 689 990 gratulatur
702 932 743 979 vel
768 932 890 988 pungatur
902 930 939 976 vis
952 929 1055 988 ulceris,
1067 928 1124 975 ideo
1136 930 1254 976 volentes
1265 942 1307 976 cu·

211 999 277 1057 quod
288 1000 328 1047 bic
343 1000 421 1046 solvat
436 999 515 1059 pretia
530 999 676 1046 delictorum
687 1011 743 1045 suo-
768 995 818 1052 rat,
835 1008 884 1043 non
905 997 1033 1056 adstringit
1054 997 1157 1044 invitos.
1175 997 1308 1057 Accipiunt

211 1078 280 1126 rum,
299 1069 341 1114 vel
361 1069 419 1128 quia
439 1068 508 1114 novit
529 1079 583 1114 eam
604 1079 657 1113 esse
679 1067 744 1127 apud
768 1063 843 1123 igitur
857 1065 987 1112 sanitatem
1001 1065 1043 1126 qui
1057 1066 1213 1112 medicinam
1227 1079 1307 1125 expe·

211 1134 293 1181 Deum
301 1137 441 1183 uberiorem
448 1136 592 1196 gratiam,si
601 1136 692 1194 injuste
699 1149 743 1195 pro
768 1133 823 1178 tunt
833 1146 840 1178 ε
852 1134 888 1181 illi
904 1137 987 1181 autem
999 1135 1042 1194 qui
1053 1134 1166 1181 refutant
1180 1134 1306 1183 medicum

211 1204 266 1262 ejus
275 1206 387 1264 nomine,
399 1206 442 1252 aut
452 1219 495 1264 pro
506 1206 570 1252 bono
578 1206 660 1264 aliquo
668 1218 743 1264 opere
768 1212 813 1246 nec
821 1203 964 1261 requirunt,
975 1203 1112 1249 bonitatem
1126 1203 1221 1249 medici
1231 1217 1306 1262 quam

211 1272 299 1319 acerba
311 1274 392 1333 aliqua
403 1274 519 1333 patiatur,
530 1274 666 1321 secundum
678 1274 743 1333 quod
767 1281 816 1314 non
830 1270 1002 1329 experiuntur,
1015 1271 1110 1317 sentire
1125 1283 1179 1316 non
1195 1273 1305 1329 possunt.

210 1342 328 1399 seriptum
347 1344 384 1389 ost
395 1357 402 1388 r
414 1344 478 1400 Quia
497 1344 564 1390 nulla
580 1343 617 1389 est
631 1342 707 1402 gloria
721 1342 741 1390 si
767 1338 815 1395 oui
827 1342 909 1386 autem
919 1341 1026 1397 curatur,
1035 1340 1109 1386 etiam
1118 1341 1233 1399 sanatur,
1241 1341 1306 1387 idea-

210 1412 341 1466 peccantes
356 1411 480 1470 punimini
496 1414 522 1459 et
537 1410 657 1470 suffertis,
668 1412 712 1459 sed
721 1412 742 1458 si
767 1419 814 1466 que
826 1408 865 1454 his
875 1408 953 1454 bonus
969 1408 1006 1455 est
1022 1408 1151 1467 medicus,
1163 1421 1226 1467 qnos
1236 1422 1307 1456 sana·

210 1473 411 1536 benefacientes,
431 1479 457 1524 et
477 1479 620 1537 patientes:
632 1479 684 1526 hasa
705 1482 743 1528 est
761 1475 812 1522 'vib
824 1476 869 1523 His
883 1476 958 1534 igitur
972 1477 1051 1523 bonus
1067 1477 1104 1524 est
1119 1477 1206 1537 Deus,
1216 1477 1307 1537 quibus

210 1545 287 1602 gratia
304 1546 369 1604 apud
385 1547 472 1592 Deum.
488 1549 516 1592 fa
532 1546 574 1593 liae
590 1550 652 1594 enirn
666 1552 744 1596 vocati
767 1548 866 1602 peccata
877 1546 978 1594 donavit
991 1559 998 1592 ε
1009 1547 1050 1606 qui
1066 1547 1154 1593 autem
1165 1547 1307 1594 insanabile

149 1618 153 1622 '
209 1615 343 1673 cartapeta
356 1618 377 1661 et
392 1615 497 1662 cbristus
506 1615 626 1674 provebat
636 1620 742 1664 mertone
767 1616 895 1673 peccatum
917 1616 992 1664 babet
1013 1616 1104 1664 mentis
1126 1630 1180 1665 suae
1201 1618 1307 1678 ulcere,

209 1683 741 1744 aaarelmqaeaevooieexemplam‚atscaea·
766 1685 886 1741 quomodo
898 1686 979 1744 potest
990 1686 1114 1734 medicum
1130 1686 1228 1734 bonum
1242 1687 1306 1734 aesfi·

208 1752 269 1796 raiae*
287 1754 383 1811 bestiola
402 1752 467 1811 ejas,
490 1755 531 1812 aar·
550 1756 669 1812 peccatam
694 1767 742 1802 aaa
766 1763 851 1810 mare,
871 1766 945 1812 quem
965 1753 1077 1812 refugit?
1099 1754 1193 1802 Pulcra
1220 1756 1305 1816 itaque

209 1817 263 1874 fecit
271 1850 279 1874 ,
290 1831 332 1865 aaa
340 1821 450 1868 ‚inemtas
461 1822 494 1868 est
504 1822 568 1869 dolas
583 1823 609 1868 m
625 1834 664 1868 ore
674 1822 741 1879 cios:
766 1821 908 1882 Apostolus,
919 1823 948 1870 ut
957 1823 1136 1882 premisimus,
1148 1824 1306 1883 explanavit,

209 1888 251 1944 qui
260 1900 313 1932 cam
324 1890 507 1946 malediceretur,
516 1903 564 1935 aon
574 1891 741 1938 rearatedircit:
766 1889 824 1948 quia
845 1891 870 1938 et
887 1892 1000 1938 omuibus
1015 1892 1095 1938 bonus
1112 1894 1154 1939 est
1171 1893 1257 1953 Deus,
1267 1895 1307 1954 arei

208 1967 262 2000 cana
276 1959 459 2014 paterclanum
474 1958 668 2005 comminabatur.
680 1961 741 2018 Ergo
766 1959 816 2006 volt
832 1973 911 2008 omnes
928 1961 1031 2008 homines
1041 1962 1117 2008 salros
1131 1961 1188 2019 lieri
1192 1977 1201 2021 ,·
1214 1963 1241 2010 et
1254 1975 1305 2009 ma-

206 2022 288 2079 justus
309 2024 405 2073 etiamsi
422 2026 448 2073 iu
466 2028 572 2086 equuleo
586 2027 633 2086 sit,
644 2039 741 2089 semper
766 2025 833 2074 xime
849 2028 965 2075 fidelibus
976 2027 1067 2076 divinas
1079 2027 1205 2076 bonitatis
1214 2036 1305 2088 praero-

206 2091 289 2149 justus
299 2094 350 2152 est3
362 2096 418 2154 quia
426 2095 543 2152 iustificat
552 2097 647 2154 Deum,
659 2097 686 2142 et
695 2096 741 2143 mi·
765 2096 845 2154 getica
860 2098 979 2156 servatur,
991 2097 1080 2155 quibus
1093 2098 1119 2144 et
1127 2098 1248 2146 voluntas
1258 2099 1306 2147 Dei

208 2171 270 2206 nora
286 2173 312 2209 se
328 2158 436 2223 peccatis
454 2164 505 2210 suis
523 2163 583 2210 dicit
600 2165 739 2212 sustinere:
765 2165 899 2223 opitulatur
917 2166 942 2212 et
961 2165 1047 2224 gratia.
1064 2165 1114 2212 Sed
1133 2167 1161 2213 et
1176 2167 1304 2215 Psalmista

208 2239 307 2288 semper
317 2232 415 2291 sapiens
424 2234 475 2292 est3
485 2244 534 2280 non
545 2234 613 2280 enim
629 2234 740 2282 aufertur
765 2231 868 2279 dicendo
880 2245 886 2279 :
899 2235 975 2293 Qaam
986 2233 1059 2282 boras
1072 2237 1138 2282 Deae
1149 2237 1227 2283 lsrael
1237 2238 1304 2285 rectis

208 2300 311 2357 equulei
341 2301 469 2349 tormentis
493 2316 551 2350 vera
580 2302 738 2364 perfectaque
764 2303 845 2362 corde,·
859 2302 890 2349 ad
908 2302 1015 2360 ipsorum
1032 2302 1185 2350 sententiam
1203 2305 1303 2364 retulit,

208 2367 349 2425 sapientia:
362 2383 410 2417 nan
429 2371 521 2418 amittit
538 2373 603 2432 quod
621 2373 671 2430 est;
681 2376 738 2432 quta
763 2369 806 2428 qui
823 2369 895 2416 aliter
909 2369 940 2416 de
956 2371 1008 2417 Deo
1022 2371 1116 2418 sentire
1128 2384 1180 2420 non
1196 2374 1303 2433 norunt,

207 2434 322 2483 timorem
334 2439 444 2486 excludit
455 2441 531 2499 foras,
546 2442 627 2488 studio
644 2442 670 2488 et
684 2455 739 2501 pro·
764 2437 812 2483 uisi
823 2437 881 2498 quia
892 2438 970 2485 bonus
981 2439 1103 2486 adomnia
1114 2441 1305 2490 etinomnnus

207 2505 286 2562 posito
298 2507 421 2554 caritatis;
431 2509 737 2572 novitutsapiensdieere‚
764 2506 811 2556 0⁸¹·

207 2572 265 2630 quia
280 2573 380 2632 indigna
395 2578 451 2622 suut
466 2591 520 2635 quar
536 2578 561 2623 in
576 2579 622 2626 hoc
638 2594 737 2642 corpore

206 2639 356 2686 sustinemus
372 2646 569 2691 remuneratione
584 2646 672 2695 futurae
686 2652 738 2709 gla-
934 2632 1061 2684 CAPUT
1074 2633 1139 2688 ῙΠ.

206 2707 263 2767 riae3
276 2710 394 2756 etomues
405 2711 603 2773 hujustemporis
614 2719 737 2775 passiones
763 2721 835 2759 Fareri
848 2721 977 2770 Propheram
993 2735 1014 2761 ⁵0
1028 2727 1116 2762 sanium
1135 2736 1180 2764 non
1193 2737 1238 2764 esse
1250 2738 1300 2776 nro·

206 2781 409 2837 superventuram
421 2784 559 2830 mercedem
575 2799 672 2845 aquare
688 2803 738 2840 non
784 2776 941 2838 ¹³⁹⁸”m’d9m
951 2780 1175 2824 peccalorumpaaem
1184 2783 1301 2818 aemulare-

206 2849 316 2905 possunt.
330 2851 411 2896 Bonus
429 2851 504 2910 igitur
515 2853 573 2900 huic
585 2868 683 2915 semper
700 2862 736 2907 est
768 2905 770 2909 ‚
784 2829 1019 2921 ὲῖᾗῃέἓζιιξξῗὴξῗξῐ
1028 2833 1176 2932 pffifidffl
1189 2844 1302 2926 fflffi

206 2915 286 2975 Deus,
297 2917 340 2976 qui
351 2919 479 2979 novitque
490 2921 599 2981 tempure
611 2926 695 2972 metat.
708 2929 737 2974 Et
783 2935 805 2970 in
824 2939 894 2972 morie
910 2910 1047 2982 peccalorum
1066 2937 1167 2975 levamen
1184 2914 1242 2985 ew
1258 2951 1299 2978 naa

206 2983 261 3030 ideo
270 2985 337 3042 quasi
344 2986 422 3033 bonus
428 2987 534 3046 agricola
543 2990 583 3036 bic
591 2990 643 3037 arat
654 3004 736 3050 agrum
783 2988 877 3034 proeesse
893 2987 975 3035 fl³t⁸¹¹³
988 2993 1032 3036 ⁹⁰⁵¹
1042 2994 1139 3026 ¹¹¹⁰¹¹⁶¹¹¹
1149 2994 1250 3040 exemplo
1259 2994 1299 3030 ¹⁴³·

204 3062 278 3096 suum
305 3053 409 3111 quodam
437 3055 592 3104 abstinenfiae
614 3060 737 3118 rigidioris
783 3041 1300 3104 zarietdiviti-sdemonstrarirquantumvero

783 3095 863 3143 probat
876 3105 899 3132 ru
908 3100 963 3140 mla,
974 3095 1077 3134 Davidem
1086 3108 1112 3135 ac
1121 3097 1136 3135 J
1138 3099 1206 3136 obum
1216 3101 1298 3147 patefa-

204 3129 304 3164 vomere
314 3133 320 3165 :
330 3120 370 3166 hic
380 3123 466 3180 stirpat
474 3125 577 3181 quadam
586 3125 649 3174 falce
659 3130 736 3178 virtu·
783 3159 831 3186 cere
839 3148 928 3185 demum
939 3153 1044 3196 perpetua
1055 3160 1096 3188 esse
1103 3149 1251 3200 flagellandos.
1261 3157 1298 3203 qut

203 3186 256 3232 tum
263 3188 423 3246 amputatrice
433 3191 610 3238 vitiorumrbic
619 3196 737 3248 stercorat
782 3200 926 3248 menaporum
935 3212 977 3238 ¹¹0ss
988 3201 1078 3240 fuerint.

203 3255 356 3335 humiliando
369 3270 395 3305 se
411 3272 488 3318 usque
500 3259 531 3306 ad
541 3261 645 3323 terram,
657 3266 736 3317 sciens
790 3272 813 3318 5.
826 3273 944 3332 Denique
955 3274 1117 3332 sequentibus
1126 3277 1234 3335 exponit
1247 3277 1296 3336 ipso

177 3338 180 3347 ·
203 3337 262 3384 qum
271 3325 338 3373 Deus
354 3326 384 3375 dc
396 3328 461 3374 terra
475 3329 575 3378 suscitat
588 3332 700 3395 inopem,
710 3341 735 3385 et
759 3339 819 3399 qnid
830 3340 948 3401 senserit,
959 3341 1065 3389 dicendo
1074 3358 1080 3386 ε
1088 3345 1140 3391 Mei
1149 3348 1231 3392 autem
1240 3359 1296 3406 pene

204 3393 235 3440 ile
255 3393 363 3442 stercore
379 3397 452 3456 erigit
468 3410 611 3458 pauperem.
621 3402 733 3463 Denique
759 3412 816 3456 arati
825 3412 880 3457 sant
893 3412 973 3469 pedes,
983 3411 1055 3470 paolo
1070 3413 1152 3460 means
1165 3414 1234 3471 effusi
1244 3418 1297 3462 suat

203 3462 326 3521 apostolus
344 3466 433 3513 Paulus
454 3467 503 3512 nisi
521 3467 655 3517 aestimatus
670 3476 734 3521 esset
759 3491 847 3537 pressas
855 3480 901 3525 mei
912 3493 920 3525 .·
931 3482 988 3539 qaia
999 3480 1075 3526 zetari
1084 3482 1111 3526 ire
1117 3483 1295 3541 peccaremus,

136 3594 139 3597 Ι
204 3534 469 3594 stercora,nnmquam
484 3535 605 3583 CbrIstum
623 3539 670 3585 sibi
689 3555 733 3600 po·
756 3560 837 3605 pacem
855 3551 1003 3605 peccatoram
1023 3549 1113 3596 videns.
1133 3550 1186 3596 Non
1209 3551 1296 3610 utique

203 3601 290 3646 fuisset
305 3601 440 3677 acquirere.
452 3603 498 3650 ilic
517 3606 622 3653 custodit
640 3607 733 3658 fruetus
758 3615 832 3674 pedes
843 3617 951 3675 corporis
961 3617 1070 3677 appellat
1079 3629 1192 3679 gressus,
1201 3619 1248 3666 sod
1258 3619 1296 3666 dl-

204 3677 270 3742 ruos,
281 3668 369 3746 utillic
377 3670 487 3717 securius
495 3673 621 3720 recondat.
630 3674 733 3735 Semper
758 3683 892 3729 rectionem
910 3685 1001 3732 mentis
1019 3685 1045 3731 at
1064 3697 1193 3746 gressum,
1204 3687 1237 3734 de
1248 3701 1296 3747 quo

204 3736 286 3793 itaque
302 3747 326 3781 er
341 3735 419 3786 bonus
436 3741 473 3787 est
483 3742 624 3802 Deus,'quia
635 3757 732 3806 semper
756 3751 816 3796 alibi
825 3750 958 3799 dicitrlton
966 3755 1046 3801 veniat
1054 3754 1162 3815 mibr'pes
1169 3757 1295 3817 superbia,

975 2577 1069 2586 -—.

203 3803 327 3884 ‹pambona
337 3807 446 3885 sunt,dc
456 3810 507 3857 Deo
518 3815 608 3871 sperat.
756 3823 778 3866 et
794 3833 879 3867 mareas
896 3824 1045 3880 peccatoram
1063 3834 1112 3868 aon
1131 3828 1229 3872 marcet
1250 3839 1294 3873 me.

233 3871 256 3919 ll.
266 3873 355 3933 Accipe
365 3875 450 3921 aliud:
464 3880 540 3937 anm
550 3881 730 3943 lenocinanti,
757 3886 813 3934 ldeo
832 3901 928 3947 sempor
944 3887 1080 3948 petendum
1098 3890 1152 3950 est,
1163 3893 1193 3939 ut
1207 3892 1295 3952 dirigat

202 3944 265 3988 Deae
275 3944 347 3990 lsrael
357 3945 510 4011 rectiecorde!
521 3947 640 4008 Nanergo
652 3955 731 3999 ouiiri-
756 3956 873 4002 Dominus
881 3957 1168 4005 nostrorumanimorum
1176 3961 1294 4020 vestigia,

203 4009 610 4076 nasnonusestneustlllequidem
618 4020 731 4070 omuibus
756 4023 922 4085 notabantur,
933 4026 958 4072 et
975 4025 1070 4073 lubrico
1081 4027 1194 4086 quodam
1204 4030 1295 4076 erroris
