2752 4806
384 404 626 450 anx-anundus
647 405 751 453 arnna
769 397 823 458 111,
1114 407 1143 456 27

61 478 140 528 nostri
151 480 219 528 sinus
227 480 405 543 amplissimus,
416 485 554 545 meritoque
562 485 590 532 in
616 484 733 548 lundere;
748 487 816 548 ,quod
834 485 911 547 aliqui
928 487 990 536 anto
1002 489 1145 551 nosoonlir·

62 544 590 613 diverslslocisdvermsuntnomina‚quia
614 555 724 615 mantes,
740 556 840 616 propria
857 556 993 616 posueruut
1010 556 1144 613 sententia.

62 618 182 665 voeabula
191 619 275 678 aquis,
285 632 318 674 er
328 620 456 678 regionum
465 621 590 668 vocabulis
615 624 664 682 Ego
674 625 734 684 quid
749 624 831 672 lacere
847 624 973 685 potuerit,
982 637 1032 672 non
1041 627 1145 685 praeter·

61 681 227 732 adlraeserunt.
246 686 301 733 Una
325 687 409 750 autem
436 688 589 748 congregatio
615 693 685 739 mitto
697 707 704 739 r
715 693 776 754 quid
794 693 883 741 lecerit
891 693 957 753 quod
966 693 1052 754 aperte
1062 694 1145 754 Scrip-

62 759 590 831 aquarum‚eoquadiugiaundaatquecon-
614 760 725 809 turanum
743 762 889 817 auctoritate
906 771 956 817 non
973 760 1064 818 didici,
1074 761 1144 820 quasi

61 820 130 870 buna
142 826 263 876 ablndieo
273 829 336 877 neeri
346 838 424 889 usque
436 830 467 877 ad
477 831 589 879 Gaditani
614 832 737 879 secretum
744 834 879 893 pretereo,
889 844 921 878 ne
930 831 993 878 torte
1001 829 1078 878 etiam
1085 829 1145 876 hine

60 901 129 938 oram
140 894 243 956 littoris,
254 897 280 944 et
289 897 346 945 inde
357 897 383 944 in
400 911 467 946 mare
479 900 589 948 Rubrum
614 899 674 948 alias
685 902 731 948 sibi
746 901 892 962 quaestiones
907 900 1044 959 requirant.
1060 899 1145 945 desero

60 961 174 1010 extremo
194 965 342 1014 circumlusa
362 968 447 1015 orbem
468 970 589 1017 terrarum
614 965 1146 1028 tamensenundumScripturas,quiapotuit

61 1026 166 1080 includit
176 1034 272 1081 Oceano
286 1048 292 1080 ε
307 1036 411 1083 interius
421 1050 518 1097 quoque
527 1038 589 1096 dyr-
614 1036 724 1084 locorum
735 1037 854 1096 humilia,
873 1038 899 1084 et
909 1047 1051 1094 camporum
1061 1033 1146 1093 aperta

60 1095 139 1146 rbeno
150 1101 333 1161 Adrias,ddriae
344 1104 433 1150 caetera
443 1105 520 1151 maria
531 1104 591 1151 mis-
616 1104 767 1163 diffundere,
786 1105 851 1152 sieut
867 1105 921 1163 ipse
933 1104 968 1151 ait
980 1116 987 1149 :
998 1105 1049 1162 qu
1060 1104 1146 1151 anea

61 1166 163 1228 centur,
182 1172 325 1219 nominibus
343 1172 458 1218 distincta
469 1183 519 1221 non
529 1171 592 1218 ilun-
617 1171 755 1230 ambulabo,
767 1174 788 1227 et
798 1175 887 1227 montes
896 1173 980 1233 planos
990 1171 1086 1230 [uotum.
1101 1169 1146 1227 Po·

59 1232 137 1282 tibus.
148 1239 217 1285 Unde
235 1240 321 1298 putere
339 1240 430 1297 babes,
449 1238 591 1297 quia‘Deus
617 1238 805 1299 tuitetiamipsa
816 1251 933 1299 aquarum
942 1239 979 1286 vis
987 1235 1144 1296 profundiora

59 1307 262 1364 congregationes
272 1307 493 1366 aquarumvoeavit
503 1308 589 1354 maria.
616 1306 751 1366 eaiacere,
767 1320 822 1367 quae
838 1307 962 1365 insederat
978 1320 984 1351 :
1001 1306 1068 1353 tanto
1082 1304 1145 1351 iluo·
1185 1362 1191 1375 ι
1223 1309 1227 1315 ’
1319 1371 1323 1380 Ι

59 1369 97 1416 lta
108 1373 135 1418 et
145 1385 193 1419 una
205 1376 243 1422 est
260 1375 382 1434 generalis
398 1375 523 1433 collectio,
535 1389 589 1434 quae
615 1375 684 1423 tuum
695 1377 904 1438 motu„tantoque
920 1377 981 1424 aestu
999 1373 1144 1433 concitatioq

13 1455 18 1466 ·
59 1437 589 1503 dieiturmare,etmultaecolleetiouesquae
613 1443 648 1490 ris
665 1445 798 1507 elementi,
812 1446 855 1506 qui
866 1445 981 1506 quotidie¹
994 1444 1044 1489 ima
1061 1438 1142 1502 pelagi

58 1508 138 1554 maria
153 1522 198 1568 pro
207 1512 348 1570 regionibus
360 1512 541 1571 nuncupantur.
550 1512 589 1560 Si·
614 1512 743 1574 torquere,
763 1515 789 1562 et
807 1526 892 1561 arenas
910 1515 1008 1562 vertere
1024 1510 1102 1558 soleat
1112 1509 1143 1557 de

59 1576 104 1622 out
115 1578 182 1623 enim
193 1580 277 1627 multae
286 1580 372 1637 terrae,
383 1581 413 1628 at
427 1580 521 1640 Africa,
532 1582 590 1629 llis·
613 1583 744 1641 profundo.
760 1584 819 1641 Quis
835 1583 925 1631 deinde
944 1581 1020 1639 sciat,
1030 1580 1058 1626 in
1067 1590 1143 1639 quan·

59 1645 146 1702 panta,
167 1646 291 1708 Thracia,
315 1649 473 1708 Macedonia,
502 1651 588 1710 Syria,
614 1651 667 1694 tum
678 1663 704 1697 se
715 1650 778 1697 illud
788 1663 902 1708 magnum
913 1648 940 1695 et
950 1649 1063 1694 inausum
1073 1645 1144 1702 navi-

58 1713 186 1774 aegyptus,
197 1716 289 1775 Gallia,
298 1712 371 1775 atque
382 1717 452 1763 ltalia
460 1721 590 1777 proregio-
615 1719 727 1776 gantibus
745 1721 819 1778 atque
831 1718 980 1765 intentatum
993 1714 1075 1762 nautis
1086 1714 1144 1759 iun-

58 1792 121 1828 num
139 1785 295 1843 appellantur
305 1785 445 1844 vocabulis,
457 1786 482 1832 et
492 1798 541 1832 una
552 1789 589 1834 est
614 1786 656 1830 dat
664 1799 746 1845 mare,
757 1787 823 1846 quod
832 1785 970 1840 Britannias
978 1782 1094 1830 trementi
1104 1781 1144 1827 in-

58 1849 125 1898 terra
136 1853 187 1899 :ita
196 1854 275 1900 multa
289 1853 405 1900 dicuntur
420 1865 464 1912 pro
480 1855 589 1902 looomm
614 1853 690 1901 cludit
710 1867 822 1914 aequore,
838 1855 911 1914 atque
931 1853 963 1900 in'
981 1851 1098 1909 ulteriora
1117 1850 1144 1908 et

58 1919 265 1978 appellationibus
291 1922 382 1980 maria,
404 1922 430 1968 et
453 1934 530 1968 unum
552 1923 590 1970 est
614 1922 673 1981 ipsis
683 1921 772 1969 tabulis
784 1923 907 1969 inaccessa
917 1922 1013 1970 secreta
1023 1934 1049 1967 se
1063 1920 1143 1980 porri-

43 1994 45 1996 ’
59 1998 142 2047 mare,
159 1989 224 2036 sieut
233 1989 269 2036 ait
278 1990 413 2048 Propheta,
429 1989 514 2036 dicens
526 2003 533 2036 r
545 1993 590 2039 Tui
614 1990 663 2048 gite
673 1992 733 2048 Quis
743 1991 833 2038 deinde
843 2003 894 2038 non
907 1989 1005 2048 colligat
1021 1990 1143 2049 quantum

58 2058 114 2103 sunt
126 2059 221 2115 retiret
232 2063 273 2107 tuo
284 2063 317 2107 est
328 2063 392 2106 terra
398 2091 407 2116 ,
420 2059 498 2106 orbem
515 2063 589 2107 terre·
614 2060 717 2107 Lucrino
731 2060 757 2106 et
774 2061 869 2107 Averno
881 2061 908 2107 in
926 2060 1009 2118 ltalia,
1019 2056 1142 2105 'tiberiadi

58 2137 114 2171 rum
130 2130 151 2174 et
165 2129 329 2187 plenitudinem
350 2128 400 2186 ajars
427 2129 452 2174 tu
471 2127 588 2186 fundasti,
614 2140 711 2189 quoque
730 2129 755 2174 in
773 2129 915 2188 Palaestina,
928 2129 954 2175 et
974 2128 998 2174 ei
1015 2127 1081 2174 laeui
1099 2127 1143 2186 qui

59 2193 198 2252 Aquilonem
208 2199 230 2243 et
241 2209 307 2242 mere
322 2197 347 2242 tu
358 2196 449 2243 measti.
461 2195 492 2240 nt
502 2195 533 2241 ad
542 2196 588 2243 Job
613 2195 678 2242 inter
695 2196 848 2249 Palaestinam
865 2197 890 2243 et
905 2195 1032 2255 AEgyptum
1048 2193 1143 2241 Arabiae

58 2261 114 2320 ipse
123 2263 240 2311 Dominus
247 2263 283 2311 ait
294 2276 301 2308 ε
313 2265 422 2312 conclusi
432 2266 511 2312 autem
521 2277 588 2313 mare
613 2263 709 2311 deserta
716 2265 854 2324 protendit,
863 2265 1029 2324 portubusque
1040 2261 1143 2324 diversis

56 2333 140 2390 portes.
439 2339 441 2342 ’
614 2332 714 2391 Augusti
731 2332 805 2392 atqoe
817 2333 929 2390 Traiani,
940 2329 1084 2386 eaeterisque
1098 2339 1144 2386 per

89 2398 204 2448 leuae
212 2400 306 2461 quiade
314 2413 362 2447 una
370 2399 589 2449 collectionedixi-
613 2401 757 2446 universum
778 2400 863 2445 orbem
889 2394 1000 2450 inlusum
1020 2394 1146 2442 addiderit

58 2479 128 2526 mus,
149 2469 211 2515 illud
227 2469 349 2526 occurrit;
370 2470 454 2513 utrum
473 2479 529 2512 cum
544 2479 589 2524 per
613 2467 695 2513 marei

56 2535 345 2583 omnemiereterramet
355 2534 526 2593 superterram
536 2533 590 2581 iue-
608 2591 610 2596 Α
644 2535 682 2582 l6.
695 2535 744 2582 Sed
752 2537 809 2584 sunt
820 2534 895 2583 etiam
903 2548 953 2583 non
962 2533 1056 2582 confusi
1065 2534 1140 2593 lacus,

56 2604 110 2653 rint
128 2604 229 2651 diiiusae
248 2615 317 2662 aquae
328 2615 373 2660 per
383 2601 510 2648 vallestria
520 2614 589 2660 agro-
615 2603 640 2650 et
650 2605 734 2664 stagna
744 2618 798 2664 quae
809 2617 858 2651 non
867 2604 1002 2652 miscentur
1011 2604 1140 2662 fluctibus,
1223 2629 1226 2638 κ

55 2685 130 2731 rum,
142 2682 248 2736 concava
262 2671 398 2728 montium,
412 2669 588 2730 planitiemque
613 2673 643 2718 ut
650 2674 736 2720 Larius
753 2675 909 2731 etBenacns‚
928 2674 1034 2719 Albanus
1045 2684 1141 2733 quoque

56 2752 216 2801 camporum,
227 2739 298 2785 modo
309 2739 413 2798 aequoris
423 2738 477 2785 insa
489 2752 589 2798 congre-
613 2740 705 2799 aliique
722 2742 818 2800 plures,
835 2740 956 2798 quomodo
973 2752 1022 2786 una
1041 2752 1143 2798 congre-

56 2810 122 2869 gatio
131 2820 179 2855 una
190 2807 297 2866 potuerit
307 2819 391 2854 omnes
401 2806 456 2854 illas
466 2818 540 2866 aquas
549 2819 589 2854 re·
614 2808 678 2865 gotio
689 2807 822 2868 aquarum?
832 2806 880 2854 Sed
889 2807 1095 2864 quemadmodum
1106 2807 1142 2853 di·

57 2879 142 2937 cipere
148 2877 221 2936 atque
232 2875 361 2923 exinanire
373 2875 460 2933 terras,
467 2887 521 2934 quae
532 2877 589 2923 aute
614 2876 691 2934 citur,
706 2876 765 2936 quia
783 2874 844 2921 iecit
858 2876 924 2920 Deus
938 2873 986 2920 duo
1002 2874 1141 2932 luminaria,

56 2945 112 2993 iuso
119 2959 165 3006 per
175 2945 320 2991 universnm
330 2943 432 2990 flumine
444 2945 589 3002 stagnaban-
613 2943 640 2990 id
651 2944 701 3002 est,
710 2945 786 2991 solem
796 2942 820 2990 et
829 2944 991 3000 lunam,eum
998 2942 1047 2988 sint
1055 2942 1141 3003 utique

57 3016 108 3061 tur.
125 3015 185 3060 Nam
203 3013 224 3059 si
246 3013 280 3058 ita
299 3013 385 3071 operta
403 3012 473 3058 orant
491 3013 587 3071 omnia3
614 3015 639 3060 et
650 3013 777 3064 stellarum
786 3011 878 3059 lumina
890 3025 897 3056 ε
909 3012 944 3057 ita
953 3012 978 3058 et
988 3023 1036 3058 una
1043 3023 1144 3071 congre·

57 3084 192 3130 nonenim
210 3079 384 3138 direret‚visa
403 3079 587 3138 estterra,nisi
613 3083 677 3140 gatto
688 3081 853 3141 dicitur5cnm
863 3079 914 3127 sint
923 3080 1044 3140 plurimae.
1056 3082 1141 3140 Neque
1179 3136 1181 3148 Ι
1222 3099 1227 3112 ¹

57 3149 334 3199 retectamvelletlocis
350 3148 464 3194 omnibus
475 3148 588 3195 demona-
613 3151 681 3202 enim
700 3151 907 3209 annumerantur,
918 3162 972 3210 quoe
987 3161 1038 3197 non
1055 3149 1141 3198 eonio·

50 3221 133 3268 trare.
144 3219 354 3267 Sidiluviumltoe
364 3218 475 3277 tempore
486 3217 588 3264 abscon·
611 3220 708 3267 rantur.
790 3256 792 3260 .
823 3248 825 3256 ,

57 3290 98 3336 dit
109 3289 134 3336 et
144 3288 254 3347 montes,
265 3287 362 3346 quando
373 3298 491 3345 aquarum
500 3284 551 3342 jam
563 3287 588 3334 et
1023 3321 1025 3327 .

57 3369 133 3417 snper
142 3358 216 3404 eoelos
226 3357 252 3403 et
262 3355 326 3402 inira
334 3354 517 3400 firmamentum
534 3352 588 3400 lue-
775 3339 902 3399 CAPUT
920 3339 975 3390 IV·
1066 3375 1068 3380 -

57 3428 96 3475 rat
106 3425 171 3473 facta
182 3425 311 3487 dimetmi
321 3423 412 3483 (luam
423 3421 501 3480 magis
516 3421 589 3468 dubi·
613 3445 690 3483 Terrae
697 3445 828 3492 praecipuam
839 3446 1034 3492 qualitatem,oum
1042 3444 1143 3481 aride-ro·

56 3494 107 3544 tari
117 3507 168 3542 non
177 3493 259 3553 potest
268 3493 344 3540 etiam
355 3489 475 3537 montium
483 3489 589 3536 vertices
636 3503 705 3544 eatur,
714 3499 837 3545 aedificari.
846 3499 902 3546 Qua
914 3499 955 3533 sint
970 3497 1142 3546 elementorum,

57 3560 102 3610 illa
118 3561 288 3622 superfusione
307 3557 426 3606 latuisse?
442 3557 495 3613 Quo
514 3557 589 3614 igitur
638 3549 1141 3611 quindennemconnectunturtproprrerarae,

57 3632 102 3678 illa
116 3631 196 3678 omnis
210 3641 328 3690 aquarum
343 3624 506 3674 redundantia
523 3623 590 3670 deri·
636 3603 701 3650 ΜΨ
710 3604 815 3648 ⁵P²⁰¹³¹¹¹¹¹
824 3599 849 3636 ‘¹⁰
859 3602 918 3635 terra
927 3598 1062 3659 d¹⁵qu¹¹¹²¹¹ss
1109 3628 1112 3636 f

58 3700 116 3746 vata
124 3698 240 3756 esttQuae
249 3695 406 3756 receptacula
414 3705 468 3740 eam
477 3694 590 3739 tamenn·
645 3690 683 3736 ll.
695 3689 753 3748 San,
765 3687 910 3747 utvidetur,
919 3687 1035 3748 quoniam
1042 3687 1072 3741 de
1078 3691 1141 3737 mari

58 3768 128 3813 ’inua
144 3768 217 3825 atque
229 3775 342 3812 connexa
353 3763 483 3810 absorbere
501 3762 591 3821 potue·
614 3758 788 3818 loquebamur,
807 3756 986 3817 aliquantulum
1002 3758 1142 3807 exundavi-

57 3832 329 3895 rualenequomutus
338 3830 409 3879 nobis
419 3829 500 3889 potest
510 3840 590 3876 sermo
614 3839 682 3886 mus3
703 3825 735 3873 ad
752 3826 903 3885 propositum
927 3826 1096 3885 revertamur,
1116 3827 1142 3873 et

58 3901 200 3961 suppetere.
612 3896 797 3944 ,consideremus
804 3895 865 3957 quid
878 3895 923 3955 sit,
935 3895 1000 3954 quod
1010 3894 1045 3942 ait
1055 3894 1142 3941 Domi·

90 3969 129 4015 ro.
140 3969 248 4015 Primum
263 3968 322 4029 quia
332 3966 416 4027 potuit
431 3965 528 4014 creator
537 3979 591 4013 om·
614 3976 661 4011 nus
672 3976 679 4009 r
692 3965 846 4024 Conpreqetur
856 3976 919 4022 aqud
928 3964 954 4009 in
966 3974 1039 4009 unam
1048 3971 1143 4015 conpre-

59 4038 131 4085 nium
150 4038 176 4084 et
190 4037 430 4096 ipsarumterrarum
449 4036 527 4095 spatia
543 4033 592 4081 dii·
616 4034 745 4094 partionem,
758 4034 789 4094 „ot
808 4032 920 4092 appareat
940 4031 1023 4086 aricia,
1046 4025 1072 4070 et
1091 4033 1140 4069 uon

830 3283 913 3296 m
