2752 4806
133 417 180 467 Μ
513 422 634 469 sancii
649 422 811 468 AMBROSH

130 502 270 564 qrrebonos
285 500 378 551 tructus
395 501 478 562 daret,
489 504 514 551 et
530 503 659 552 foecundas
683 505 786 552 tandum
797 494 930 564 putaverit.
945 502 1030 564 itaquo
1047 501 1093 564 qui
1108 501 1149 553 est
1166 502 1219 554 ter·

131 571 299 631 inventiones,
323 572 548 633 cogitationumque
570 573 659 634 primi·
683 585 717 621 re
728 573 823 631 accola,
833 572 958 621 habitator
972 571 1031 620 caeli
1042 573 1082 619 est
1093 583 1101 618 ε
1112 573 1158 632 qui
1174 585 1219 621 au·

131 640 658 702 tias,rneritorumviudemiam,momento,
683 641 734 688 tem
762 639 885 689 habitator
908 641 1007 700 terras,
1027 652 1156 702 possessor
1180 639 1220 691 est

131 709 658 770 vinoetoleorepleretinterioremdomnm,
683 709 777 760 mortis.
858 739 861 743 -

130 779 222 826 terram
244 777 431 825 resurrectionis
449 790 523 836 quarn
546 779 658 838 promisit
713 776 752 825 ue,
764 779 901 827 itumcrastt
914 777 1218 827 Abrcmtrcccntosdcccm

130 838 243 906 patribus
260 846 349 893 nostris
365 845 485 892 ituantem
500 847 538 894 iac
553 847 579 894 ct
593 849 657 907 met,
683 849 764 894 atocio
774 848 1218 907 semocutossaos,ctpcrcauritcos,et

130 915 277 962 suavitatem
287 915 360 972 vitae,
369 914 530 973 jucunditatis
540 915 657 974 gratiam,
682 919 813 975 persecutas
824 918 857 963 cst
874 929 945 976 osque
959 915 1054 973 choba,
1066 929 1119 975 quoa
1135 917 1172 963 cst
1186 913 1218 962 od

131 984 285 1044 splendorem
294 983 386 1042 glorias,
397 983 468 1041 cujus
476 983 555 1030 haeres
564 984 659 1042 primus
683 985 792 1031 dextram
808 986 931 1032 Damasci.
948 985 977 1033 Et
994 996 1114 1031 numerus
1130 983 1220 1031 vitalis

129 1051 209 1100 iactus
227 1052 264 1099 est
275 1052 452 1113 primogenitus
470 1052 598 1099 amortuis
612 1051 657 1099 Dei
684 1051 729 1098 est.
744 1053 772 1099 in
788 1052 841 1112 ipso
852 1052 919 1099 enim
934 1053 999 1111 vita,
1015 1052 1036 1098 si
1047 1052 1181 1100 credamus
1189 1051 1218 1100 ie

130 1119 196 1167 fliius
208 1120 279 1167 lesus
289 1120 407 1167 christus.
419 1121 447 1166 Et
458 1120 514 1166 ideo
524 1132 573 1167 uon
584 1121 659 1166 semi·
683 1122 795 1179 passione
810 1123 948 1169 innomine
959 1121 1057 1169 Domini
1072 1122 1143 1170 Jesu.
1155 1122 1216 1169 Nam

130 1187 204 1235 nibus
219 1188 297 1246 dixit,
308 1188 352 1235 sed
368 1187 471 1246 semini3
485 1188 512 1236 ut
523 1188 659 1236 declararet
684 1189 736 1236 haec
752 1190 789 1237 est
808 1191 915 1237 nominis
932 1191 1109 1250 interpretatio
1124 1189 1216 1248 trulum

130 1255 215 1316 illum,
231 1257 274 1316 qui
285 1257 349 1303 hanc
365 1255 534 1304 haereditatem
551 1257 658 1304 humano
683 1259 748 1318 quod
759 1259 868 1306 diximus
883 1260 978 1318 choba,
995 1259 1071 1306 idest
1085 1259 1149 1307 vita.
1161 1260 1216 1318 ipsa

130 1325 215 1383 generi
224 1324 319 1382 primus
326 1323 475 1382 acquireret.
683 1328 713 1374 ad
724 1327 851 1375 dexteram
863 1329 975 1376 Damasci
986 1330 1073 1388 putore
1084 1341 1139 1375 esse
1155 1327 1215 1375 dici·

161 1389 200 1439 tt.
210 1392 371 1452 cognovimus
382 1391 451 1439 bouae
461 1392 553 1440 mentis
563 1392 659 1452 proiec-
683 1393 731 1440 tur.
742 1395 803 1454 Agni
817 1396 884 1442 enim
900 1395 932 1442 ad
947 1396 1091 1455 dexteram,
1102 1395 1169 1443 uadi
1184 1394 1215 1444 ad

130 1460 196 1520 tum,
212 1473 293 1520 quaea
309 1461 372 1507 vitio
389 1460 492 1508 lubricas
511 1461 658 1509 deflexionis
683 1462 815 1511 sinistram.
835 1464 886 1512 Scit
905 1465 1041 1512 exercitata
1064 1475 1136 1512 meus
1155 1475 1215 1524 quos

131 1541 265 1588 exsurgens
281 1529 397 1589 quaesivit
421 1529 504 1576 statim
527 1529 657 1588 praemium
683 1532 714 1578 ad
727 1532 840 1591 praelium
851 1533 1072 1580 consummandum
1082 1533 1131 1581 sibi
1143 1532 1214 1585 adat-

130 1599 273 1658 sapieutiae,
281 1597 451 1645 haereditatem
456 1597 568 1656 justitia.
578 1597 658 1654 Quan-
682 1600 766 1658 beret,
777 1600 866 1660 quibus
880 1601 954 1648 armis
965 1601 1114 1660 instrueret,
1125 1601 1214 1661 quibus

130 1667 183 1714 tum
201 1670 285 1714 autem
305 1668 411 1714 noceant
426 1667 522 1713 levitati
536 1666 599 1712 vitia
616 1667 659 1714 ad·
683 1667 756 1715 ducat
769 1669 880 1716 vexiliis.
892 1670 944 1716 Nou
963 1670 1102 1729 aquitarum
1113 1668 1213 1728 praeiert

128 1736 227 1794 juncta,
238 1735 309 1783 docet
319 1733 475 1795 sequentium
485 1735 562 1783 series
572 1736 657 1783 lectio·
683 1735 814 1796 imagines,
826 1750 872 1785 nec
883 1736 1016 1792 dracones*
1026 1750 1033 1786 ι
1046 1737 1130 1784 sedin
1141 1749 1214 1784 cruce

129 1814 197 1851 num.
217 1804 277 1850 Nam
293 1804 332 1850 iili
351 1810 456 1863 quatuor
476 1816 547 1862 reges
564 1805 608 1863 qui
626 1804 656 1852 de
682 1804 785 1864 Christi,
797 1805 823 1852 et
835 1805 861 1852 in
877 1805 935 1851 Jesu
945 1804 1045 1852 nomine
1056 1805 1215 1865 progreditur

129 1873 238 1931 quinque
256 1871 355 1932 regibus
380 1873 611 1932 triumphaverunt,
631 1875 657 1920 et
679 1873 713 1918 ad
721 1873 894 1931 praetium,hoc
902 1874 970 1933 siguo
977 1873 1057 1932 tortis,
1064 1874 1215 1922 hocvexilio

129 1939 286 1986 adduxerunt
296 1939 434 1999 equitatum
450 1940 609 1988 Sodomorum
619 1942 658 1989 to-
682 1940 770 1988 tidetis.
789 1942 876 1991 Mento
895 1954 954 2000 ergq
969 1954 1039 1989 mens
1063 1943 1214 2000 exercitate,

129 2010 197 2067 tum,
208 2011 337 2068 coeperunt
347 2011 422 2057 etiam
432 2011 477 2056 Lot
484 2009 563 2056 titium
574 2010 657 2059 fratris
682 2010 1079 2070 quaerecepitveramsapicntiam
1086 2011 1150 2069 justi
1157 2010 1213 2059 viri.

130 2077 280 2138 Abrahae,et
287 2077 457 2125 discesserunt.
464 2078 579 2137 Quinque
587 2091 657 2138 reges
682 2078 781 2126 lustitia
799 2080 882 2125 autem
898 2079 975 2126 solers
986 2078 1152 2139 correptionis
1164 2081 1213 2136 est,

130 2147 239 2207 quinque
258 2159 344 2194 sensus
363 2146 470 2204 corporis
488 2147 565 2193 nostri
583 2150 656 2205 sunt,
682 2157 710 2192 ac
735 2147 858 2205 arguendo
883 2148 983 2195 revocat
1007 2149 1168 2210 peccatores,
1189 2149 1213 2197 et

129 2216 211 2274 visus,
227 2215 352 2272 odoratus,
367 2215 462 2273 gustus,
477 2215 570 2272 tactus,
588 2217 657 2263 audi·
681 2215 780 2273 stringit
789 2216 929 2275 passionum
939 2215 1056 2275 impetus.

128 2283 170 2332 tus
181 2298 188 2330 ι
199 2283 302 2344 quatuor
315 2295 399 2342 reges,
410 2283 535 2331 illecebrae
546 2296 657 2343 corpora·
710 2280 749 2328 225.
761 2283 818 2329 ideo
829 2283 890 2330 dicit
900 2283 1037 2344 Scriptura,
1049 2285 1111 2345 qnia
1120 2300 1213 2338 revoco·

128 2351 166 2398 les
181 2353 254 2411 atque
272 2353 402 2398 mundanae
412 2352 482 2411 sunt;
501 2354 616 2412 quoniam
632 2354 657 2401 et
682 2352 713 2397 vit
730 2364 820 2398 omnem
836 2353 964 2411 equitatum
978 2354 1153 2412 sodomorum,
1168 2354 1214 2403 hoc

129 2431 186 2466 caro
212 2420 332 2479 hominis,
352 2421 377 2468 et
395 2422 500 2469 mundus
518 2435 532 2470 o
552 2423 657 2482 quatuor
682 2419 731 2474 est,
742 2420 849 2467 habenas
859 2420 952 2478 tenuit,
964 2420 1040 2469 traena
1051 2423 1213 2470 rationisim·

129 2487 224 2535 constat
234 2489 373 2536 elementis.
389 2489 476 2534 Merito
488 2500 558 2548 reges
568 2490 656 2537 dicun·
681 2487 774 2547 posuit,
785 2487 911 2534 revocavit
921 2488 1033 2548 culpam,
1044 2489 1137 2538 stravit
1147 2503 1215 2539 erro-

128 2556 657 2619 tur3quiahabetsnumcuipadominatum,
681 2567 742 2601 reur.
754 2557 835 2613 Equus
851 2556 919 2602 euim
937 2558 1001 2604 stare
1022 2559 1118 2618 nescit,
1140 2560 1213 2609 velox

127 2623 205 2671 habet
216 2637 320 2684 regnum
333 2624 433 2684 mande.
447 2626 517 2672 Unde
529 2626 656 2685 apostotus
681 2623 712 2668 ad
723 2623 858 2682 impetum,
870 2625 993 2672 cervicem
1004 2626 1120 2675 exaltans
1131 2641 1215 2688 suam,

128 2691 164 2739 ait
177 2705 184 2738 τ
195 2695 334 2754 Nonreqnct
343 2696 461 2752 peccatam
469 2697 494 2741 in
506 2698 580 2742 vestro
592 2710 656 2743 mor-
681 2691 799 2738 hiduiens
807 2693 837 2738 ad
848 2691 986 2741 libidinem.
995 2694 1061 2752 Quid
1071 2695 1124 2743 tam
1132 2697 1213 2747 uuile

128 2762 173 2808 tals·
184 2774 286 2822 corpore.
302 2763 391 2809 Sensus
406 2762 480 2821 igitur
494 2764 570 2810 nostri
583 2764 658 2813 facile
680 2760 793 2819 peceati?
806 2762 895 2810 Fervet
906 2763 972 2810 enim
987 2763 1068 2822 primo
1081 2764 1158 2824 culpa
1168 2765 1213 2826 im·

128 2831 293 2890 corporalibus
303 2831 507 2879 delectationibus
517 2833 542 2880 et
556 2835 656 2881 saecula-
680 2830 753 2887 iaetu,
780 2830 806 2877 et
829 2842 928 2877 omnem
946 2831 1009 2878 recti
1035 2833 1212 2896 cogitationem

128 2899 197 2945 ribus
207 2899 310 2958 cedunt,
323 2900 350 2946 et
360 2901 465 2961 quadam
478 2914 562 2949 eorum
574 2904 656 2960 potes·
680 2896 815 2954 praevenit,
832 2899 949 2957 motuque
964 2899 1098 2946 immaturo
1114 2901 1215 2959 exsilit,

129 2966 656 3026 tatecapiuntur.corporaresenrmnnecra-
680 2965 779 3011 utearn
796 2965 896 3012 difficile
908 2967 970 3013 ratio
988 2978 1108 3022 revocare
1126 2969 1213 3028 possit

128 3034 208 3080 tiones
226 3035 253 3081 et
272 3035 400 3081 illecebras
416 3036 489 3093 nujus
507 3039 591 3084 meurs
606 3050 656 3085 non
680 3033 768 3078 Fertur
793 3034 819 3080 in
841 3045 964 3093 praeceps,
986 3035 1013 3082 et
1039 3035 1210 3085 asscensorem

128 3100 411 3161 vinciqnasmensquae
428 3103 505 3150 ruerat
522 3107 654 3167 spartana,
680 3111 751 3146 suum
761 3101 860 3160 proiicit
876 3102 903 3147 in
915 3115 982 3157 aare
1001 3101 1070 3150 istud
1081 3105 1211 3163 huiussa

128 3168 255 3215 adhaerens
264 3170 324 3227 Deo,
334 3170 391 3216 etse
403 3171 655 3222 totamaterrenisse-
680 3168 743 3226 culi,
761 3169 858 3217 cervice
876 3170 972 3218 tumida
988 3184 1108 3234 recusans
1124 3173 1209 3236 iugum

127 3236 654 3300 parans.Dessexioomnishiscapitur.Unde
680 3236 849 3295 ῦθῐῐθῡὶῑθῐῑῑθ·
876 3239 917 3286 Est
948 3240 1065 3298 ⁸90⁰¹²li⁸
1098 3243 1211 3302 (Ιῑῑίῑὶᾱίῐιι

126 3307 250 3356 iohannes
261 3308 296 3356 arc
306 3309 529 3358 :Vaenaonanoons
543 3313 656 3360 intonat
679 3303 756 3351 forma
766 3306 891 3367 lihidinis,
902 3321 957 3368 qua
973 3321 1062 3357 vocem
1074 3311 1211 3360 mutatio

59 3426 62 3427 ⁷
127 3377 179 3424 Non
198 3378 284 3440 utique
308 3389 392 3424 omnes
410 3377 522 3424 nomines
541 3391 654 3438 compre·
679 3373 850 3431 misslsssieflta
861 3377 965 3423 amantii
980 3381 1139 3439 corrumpat,
1151 3380 1210 3428 suis-

127 3445 228 3506 lrenqit‚
246 3446 290 3506 qui
308 3446 366 3494 tunc
387 3446 444 3494 vitae
464 3445 538 3504 hujus
557 3460 654 3495 cursum
678 3453 727 3499 que
738 3454 764 3488 se
774 3443 861 3501 prodat
878 3446 1039 3492 sermonibus.
1050 3447 1169 3509 Denique
1181 3449 1211 3495 ad

126 3515 275 3563 conticerent
287 3513 360 3577 (sunt
370 3515 436 3562 enim
448 3516 474 3562 et
484 3515 509 3561 in
521 3515 594 3563 terris
611 3530 654 3576 po·
677 3508 765 3555 ludam
783 3523 829 3569 ier
846 3511 997 3560 Hieremiam
1013 3513 1077 3562 dicit
1091 3516 1211 3563 Dominus

128 3581 169 3626 siti
184 3595 287 3641 quorum
303 3582 454 3630 conversatio
471 3583 498 3629 iu
513 3585 581 3631 coetis
597 3585 651 3646 est)
678 3577 744 3624 ”0¹¹⁸
755 3593 762 3622 ³
774 3581 843 3626 Nunc
857 3582 971 3629 videbitur
981 3584 1113 3646 tffltmfnt'a
1124 3587 1212 3642 ‘Mati

126 3648 172 3694 rod
194 3661 235 3695 eos
255 3662 316 3708 quos
336 3650 440 3697 terrenae
462 3653 653 3701 conversationis
678 3647 817 3694 adulterium
829 3651 909 3706 tuum,
920 3651 1072 3710 etniaoitus,
1089 3655 1112 3701 ⁶!
1122 3655 1211 3703 nana

128 3715 240 3779 affectus,
252 3728 280 3762 ac
290 3717 362 3772 hujus
373 3719 455 3765 saeculi
467 3720 556 3766 vicerit
565 3721 651 3780 gratia.
678 3715 709 3761 15⁰
728 3714 890 3772 f⁰tttt⁶ati⁰ttit
901 3721 947 3766 tuoe
964 3732 1037 3778 supra
1048 3721 1127 3770 colles·
1141 3714 1211 3774 Eune

48 3836 52 3842 ¹
126 3784 653 3842 Ergononhabitatores,sedaccoiaesumus
675 3781 1211 3853 justusrewetistt‘itssifliu‘ssiinmittit·

126 3853 199 3898 terrae
217 3852 300 3908 hujus.
320 3853 408 3898 Accola
427 3853 493 3900 enim
510 3855 653 3916 temporalis
677 3862 726 3908 que
738 3851 1034 3914 declinantis-convertit,
1046 3855 1074 3903 et
1085 3856 1119 3904 ad
1129 3850 1212 3907 seso·

126 3918 255 3968 diversoria
267 3921 652 3978 spangentzuaonatorautem
678 3918 758 3978 cavit.
777 3921 806 3968 ut
823 3920 959 3970 imitatores
982 3923 1021 3980 sui
1038 3922 1149 3986 serent,
1170 3927 1212 3988 aui

126 4000 196 4047 rpem
217 3999 315 4035 ornnem
336 3989 408 4048 atque
427 4001 501 4035 usum
523 4003 573 4040 suae
598 3993 651 4042 iilic
685 3997 1209 4063 Τ“““-“““·“““··““·

125 4055 267 4105 sutrstantiae
290 4057 370 4104 locare
383 4057 498 4116 videtur,
517 4059 560 4106 ubi
580 4060 652 4110 habi·
677 4077 901 4126 1a;arac0,conorau

735 4025 780 4072 pud
789 4027 895 4064 Romanos
902 4029 990 4077 legionis
997 4030 1084 4077 signnm
1094 4037 1142 4070 crat
1152 4032 1213 4082 aqut
