2752 4800
145 362 192 411 23¹
531 358 661 406 SANCTl
678 360 848 408 AMBROSH

141 434 671 505 putmoqpmterntamsciamvenermoae
694 439 765 500 signa
790 440 883 491 divinoe
908 436 1060 499 operationis
1082 437 1229 500 explorare
1278 464 1285 478 ·

140 511 268 560 Trinitatis
281 508 523 568 sensualemque
540 521 672 569 cerepum
695 511 761 557 tiens
776 509 843 557 enirn
854 508 948 556 directa
966 508 997 555 ad
1013 507 1104 556 Christi
1121 509 1228 569 qratiam

141 575 672 639 acsimpisxsincereimpermixtseqrena·
695 579 796 627 ridebat
814 579 880 626 bunc
904 577 1024 625 mundum
1046 579 1150 638 plenum
1171 589 1228 626 esse

140 646 252 694 iurasset
263 644 478 706 :quamvtsaliqul
489 645 618 704 putentde
629 645 672 692 tila
695 644 847 706 iniqnitatis,
862 657 916 705 quae
935 645 1006 693 velut
1022 655 1037 691 a
1054 657 1150 692 summo
1169 644 1227 692 coeli

143 714 232 775 quinta
243 707 308 775 sicce
319 713 401 760 lucem
411 725 464 760 esse
487 712 629 772 clariorem,
641 713 672 760 de
696 714 802 772 volarat,
814 715 841 762 et
850 712 1003 772 opprimeret
1013 712 1125 760 infirmos
1135 712 1207 760 terre
1218 725 1227 758 r

141 793 190 842 qua
198 781 290 830 dixerit
296 781 375 829 David
383 780 448 841 qnod
455 783 522 827 Deus
529 780 562 827 sit
569 780 673 828 circum·
695 781 840 840 pudicitiam
851 786 947 838 autem,
959 779 1046 835 tidem,
1058 779 1228 828 sinceritatem
1277 806 1279 811 ·

142 851 215 898 datus
237 850 319 897 lucem
345 849 411 896 sicut
433 847 619 898 vestimentum.
642 850 672 897 Et
695 847 968 896 nuliisesseobnoxias
983 846 1228 908 passiontbnscava-

142 916 672 977 Apostolusscripseritdeipsoomnipotente
695 917 777 964 ritiam
794 929 868 976 pero,
887 915 913 963 et
937 916 1119 963 sollicitudines
1143 915 1229 982 saeculi

141 985 208 1044 Deo,
218 986 282 1046 quod
292 987 354 1034 solos
364 985 449 1033 bobeot
462 986 671 1043 immortalitatem,
695 987 785 1045 quibus
796 985 946 1033 suffocantur
955 985 997 1044 qui
1009 983 1103 1032 babent
1113 984 1231 1044 volupta-

141 1055 249 1103 etlacem
263 1054 351 1102 latitet
362 1053 549 1101 naccessibilem.
695 1057 734 1103 tes
756 1054 918 1113 divitiarum,
936 1053 1068 1102 dilacerari
1090 1065 1120 1101 ac
1138 1053 1229 1103 dividi.

174 1121 212 1170 tt.
224 1124 277 1180 Qua
295 1122 377 1170 autem
393 1121 488 1169 ratione
504 1121 598 1170 dixerit
607 1121 673 1182 quod
697 1123 765 1171 Unde
788 1125 814 1171 et
832 1122 928 1171 divitie
953 1121 1026 1169 dicte
1044 1122 1103 1170 suit
1119 1134 1186 1170 onrae
1203 1122 1229 1171 et

142 1202 202 1239 aves
218 1191 389 1239 descenderint
399 1203 472 1250 supra
483 1190 560 1239 divisa
572 1203 672 1251 corpora
696 1191 854 1251 cogitationes
867 1189 955 1238 mundi
971 1189 1060 1247 nutum
1074 1188 1140 1249 quod
1158 1201 1228 1237 men-
1248 1185 1257 1202 ‘

142 1258 242 1317 diuisa,
250 1270 343 1318 caprae,
353 1260 427 1318 atque
435 1258 531 1316 arietis,
539 1271 588 1307 non
599 1261 672 1309 iacile
696 1261 747 1306 tem
763 1259 887 1317 dividant,
899 1259 974 1316 atque
986 1257 1014 1303 in
1025 1256 1154 1305 &remum
1164 1256 1228 1304 scin-

142 1327 253 1386 reperlo,
264 1327 312 1373 nisi
322 1327 388 1387 quod
403 1327 484 1374 omnia
495 1327 673 1388 terrena,1na-
695 1327 767 1386 dant,
779 1328 805 1375 et
820 1328 846 1374 in
860 1325 944 1387 partes
959 1325 1070 1384 trabarrt,
1082 1336 1129 1373 nec
1145 1325 1228 1372 sinant

141 1395 177 1440 rit
186 1407 239 1454 rna,
251 1394 325 1454 atque
336 1395 389 1454 ipsa
400 1395 467 1442 aeria
478 1395 551 1454 plena
567 1398 625 1444 sunt
635 1398 673 1444 in·
696 1396 864 1458 incorruptam
874 1408 929 1443 esse
939 1397 965 1443 ei
976 1396 1105 1454 integram.
1117 1393 1163 1442 Vir
1170 1406 1231 1453 erqo

141 1461 261 1510 aldiarum
275 1475 304 1509 ar
319 1462 542 1522 perturbationum.
551 1463 673 1511 Videntur
696 1467 803 1526 pacificae
819 1465 910 1512 mentis
926 1464 1082 1522 considebat,
1100 1463 1128 1511 et
1147 1462 1229 1511 consi·

142 1531 211 1579 enim
227 1541 287 1578 aves
301 1530 354 1579 istae
366 1530 416 1579 cibi
433 1543 506 1579 cansa
516 1530 672 1579 descendisse
696 1536 798 1582 derabat
815 1536 938 1594 quatenns
956 1533 1091 1593 prohibere
1115 1532 1229 1580 cominus

142 1612 216 1660 snpra
233 1612 343 1660 corpora.
357 1599 508 1647 Naturaliter
525 1601 607 1647 autern
618 1600 673 1647 vio-
696 1605 776 1664 posset
794 1616 824 1651 ea
848 1605 926 1663 maia,
949 1615 1005 1662 quae
1028 1600 1172 1649 hominibus
1188 1600 1228 1647 in·

142 1669 260 1718 ianitores
273 1669 429 1730 potioresque
439 1667 535 1716 viribus
546 1681 621 1728 suaper
632 1669 673 1716 in·
695 1673 835 1732 vehuntur3
847 1685 919 1720 mens
929 1672 997 1720 enim
1007 1670 1130 1731 sapientis
1140 1669 1189 1717 viri
1198 1668 1229 1718 aa

141 1738 264 1786 firmiores
272 1738 382 1796 irruunt,
392 1737 418 1785 et
427 1738 496 1797 quasi
506 1738 609 1784 mortuis
618 1750 672 1785 cor·
695 1742 754 1800 justi
765 1741 860 1788 mederi
871 1741 954 1789 studet
961 1740 1077 1787 humanis
1085 1739 1193 1798 casibus,
1201 1740 1230 1787 et

141 1806 244 1867 poribus
257 1805 417 1865 incumbunt,
428 1818 461 1852 ex
475 1806 606 1865 improviso
622 1806 671 1854 ire·
695 1811 827 1871 probibere
844 1821 872 1856 ac
889 1820 1001 1858 resecare
1016 1808 1155 1856 animamm
1169 1818 1230 1855 nos-

142 1874 260 1934 quentius
277 1874 399 1921 irruentes
414 1888 421 1920 :
436 1875 491 1932 vel,
508 1875 574 1933 quod
589 1875 672 1923 verius
694 1877 902 1926 irarumlabores.

142 1944 217 2003 puto,
233 1940 291 2002 quia
308 1943 423 2002 princeps
438 1942 524 1989 murrdl
543 1943 628 2002 basius,
646 1943 672 1990 et
917 1976 989 1989 ...-

142 2009 257 2058 rotuores
274 2010 345 2070 coeli,
364 2010 531 2071 spiritualium
552 2012 672 2071 neqmde
863 2035 988 2090 CAPUT
1000 2035 1046 2086 IX

143 2078 266 2139 quaesunt
281 2079 308 2126 in
320 2079 475 2139 scelestibus,
486 2079 581 2138 eosqui
599 2092 672 2127 mun·
1046 2069 1054 2088 ⁶

142 2147 206 2195 dana
220 2147 503 2207 sollicitudinumque
514 2148 587 2194 divisi
602 2149 671 2207 sunt,
695 2148 768 2200 Quare
781 2147 881 2188 ceciderit
892 2157 985 2186 excessus
993 2157 1017 2185 ac
1028 2145 1095 2184 timor
1103 2153 1167 2194 super
1178 2143 1226 2183 Ala-

142 2215 209 2275 qravi
220 2218 290 2266 motu
297 2217 432 2275 incessant,
443 2215 546 2264 etnelut
554 2215 672 2264 caderem
718 2202 805 2293 {anam
814 2201 893 2264 quidve
906 2199 1100 2264 requiescentem
1109 2199 1225 2262 ⁰¹²⁰¹¹¹¹¹3¹¹

732 2265 796 2293 esuae
807 2259 933 2304 posteritatrs
944 2257 1116 2302 peregrmatrone
1127 2255 1148 2290 et
1155 2262 1225 2290 servr-

141 2286 292 2332 mortuorum
299 2283 437 2333 dilacerent
444 2283 518 2333 dente
530 2296 624 2344 aspero.
634 2285 671 2332 lle
717 2312 763 2346 Μ,
774 2309 797 2345 1„
808 2307 911 2356 remae.
927 2307 953 2344 d,
964 2310 1035 2344 moras
1048 2307 1148 2354 propris,
1157 2306 1227 2353 dm,

142 2354 183 2401 bis
200 2355 266 2402 enim
284 2353 378 2402 dictum
396 2354 433 2401 est
449 2367 457 2400 c
476 2355 587 2413 Relinque
607 2367 672 2400 mor·
717 2363 841 2400 mersitona
856 2361 981 2410 posteritatis
996 2361 1092 2408 ejudem
1107 2359 1227 2407 ancese

142 2426 196 2470 tuor
205 2423 299 2482 sepelire
309 2426 413 2471 osortaos
427 2436 494 2483 suos3
505 2422 563 2483 quia
573 2422 631 2469 sunt
641 2423 672 2470 de
719 2418 772 2482 Quo.-
781 2417 874 2466 denique
883 2417 934 2455 vssi0
948 2415 1043 2454 flamme
1056 2419 1123 2463 ²¹11¹1⁰
1134 2415 1228 2454 ‘mitit

142 2489 671 2550 regnodiaboliquiinseipsumdivisnsest.
717 2475 829 2522 perducar.

143 2558 191 2615 Qui
208 2560 292 2604 autem
308 2561 365 2606 sunt
377 2560 408 2606 do
419 2572 494 2617 regno
511 2559 674 2618 llei‚quibus
726 2559 764 2606 ot.
788 2561 906 2619 Demque
928 2571 1002 2618 qnam
1026 2557 1075 2606 hoc
1101 2557 1225 2605 Abraham

142 2626 283 2675 dicitlesus
295 2640 302 2672 =
314 2630 419 2688 lteqrsum
430 2630 474 2675 Dei
490 2628 554 2675 intro
571 2641 612 2676 oos
625 2631 672 2686 est,
695 2629 801 2688 spiritali
820 2629 845 2676 et
864 2628 1009 2687 prophetico
1028 2627 1118 2675 aiiectu
1137 2625 1227 2674 iecerit

142 2695 172 2744 tri
195 2708 246 2744 non
270 2697 327 2743 sunt
354 2693 442 2754 divisi,
466 2695 525 2754 quia
547 2694 673 2743 adbaerent
696 2697 1226 2757 sequentiadocenttiamsolisocccsasexoes-

141 2766 211 2825 Deo;
229 2767 341 2826 quoniam
362 2766 403 2825 qui
423 2764 524 2812 odboeret
543 2766 672 2820 meretrici,
695 2780 736 2815 sus
747 2769 979 2827 ceciditsupercuns:
990 2769 1068 2814 eteros
1079 2767 1226 2826 timormoq·

142 2849 218 2884 unum
228 2849 312 2897 corpus
326 2837 359 2884 cat
374 2850 383 2883 .·
396 2836 475 2883 Erunt
490 2836 565 2891 caim,
581 2835 672 2894 inquit,
696 2849 741 2884 aaa
758 2839 780 2884 et
801 2836 933 2884 tenebrosus
955 2835 1060 2882 incuberit
1077 2848 1148 2895 super
1161 2847 1223 2881 eoos.

143 2908 190 2953 diso
214 2907 241 2952 ira
262 2919 334 2954 corase
355 2919 414 2953 asso·
430 2906 476 2966 (lui
490 2908 569 2953 aetem
592 2904 672 2951 odlso-
696 2906 814 2952 Excessus
821 2905 949 2963 prophetis
956 2903 1010 2950 neri
1021 2902 1169 2960 solet,sicnt
1179 2901 1225 2948 ina-

142 2976 180 3020 ret
194 2975 296 3021 Dmaiao
311 2987 372 3022 nasu
389 2975 483 3032 spiritus
499 2975 540 3030 est.
558 2972 600 3017 lsti
616 2983 673 3030 ergo
696 2971 741 3018 bes
757 2973 904 3032 Prophetnm
920 2971 1012 3019 dixisse
1036 2983 1043 3016 ε
1060 2972 1112 3031 liqo
1131 2971 1182 3016 diei
1198 2971 1224 3016 in

142 3052 194 3087 non
204 3042 263 3088 saint
276 3043 372 3088 mortua
384 3052 499 3100 corpora,
515 3041 544 3086 ut
560 3040 673 3086 volucres
696 3054 791 3088 secessu
799 3054 859 3097 meo,
868 3039 1224 3088 omnislsomomendandixce·

142 3107 201 3153 cosli
217 3108 348 3154 comedant
362 3119 416 3165 eos,
427 3107 471 3153 sed
486 3106 544 3153 sunt
558 3106 672 3165 spiritus3
696 3107 734 3154 dit
752 3107 819 3152 eninr
835 3119 906 3153 ruens
924 3106 1051 3166 prophetae
1074 3103 1145 3152 velut
1162 3103 1224 3150 ones

142 3173 205 3222 iacit
219 3173 286 3220 enirn
296 3175 362 3222 Deus
373 3174 477 3232 angelos
493 3185 550 3220 suos
560 3174 669 3233 spiritus.
696 3174 812 3234 quosdam
831 3175 943 3222 humanae
959 3174 1112 3234 prudentias,
1128 3172 1223 3234 quando

142 3241 256 3303 Bessique
271 3254 345 3302 supra
361 3242 500 3290 columbam
514 3245 540 3289 et
551 3243 673 3289 turturem
696 3243 808 3301 repletur
819 3245 880 3290 lloo.
892 3244 988 3290 litante
1000 3243 1105 3289 enacarat
1115 3253 1142 3288 se
1159 3239 1223 3298 cogi·

144 3322 194 3359 non
217 3310 411 3371 descenderunt,
429 3310 488 3371 quia
509 3309 595 3359 divisae
618 3311 673 3360 istm
697 3311 830 3359 tationibus
853 3313 879 3359 et
903 3310 1123 3370 disceptationibus
1141 3307 1224 3358 seculi

142 3391 203 3428 aves
214 3392 263 3428 non
278 3381 357 3428 erant.
368 3381 421 3427 Non
438 3379 496 3427 sunt
513 3379 580 3426 enim
598 3379 672 3427 divisi
696 3380 784 3440 hujus3
803 3381 832 3429 ut
849 3381 992 3428 advenienti
1016 3381 1102 3439 gratiae
1119 3377 1222 3439 spiritali

142 3448 203 3506 iusti
222 3450 312 3510 quibus
327 3450 432 3509 dicitur,
449 3449 537 3498 utsint
548 3449 672 3508 simplices
696 3463 783 3510 puram
800 3463 827 3496 se
838 3449 864 3497 et
875 3449 1027 3497 currentiam
1045 3448 1168 3508 praebeat,
1184 3460 1223 3495 su·

143 3517 209 3566 sicut
227 3519 356 3567 columbae.
369 3519 479 3578 ldeoque
498 3517 560 3565 dicit
578 3518 671 3573 David,
695 3520 825 3580 perveniat
835 3520 861 3566 ln
870 3532 925 3566 carn
933 3519 1038 3578 Spiritus
1049 3519 1148 3565 sauctus
1159 3528 1221 3576 mag·

142 3586 203 3643 quia
222 3587 248 3634 et
264 3601 344 3647 passer
360 3589 448 3636 issoeait
468 3588 513 3636 sibi
530 3591 638 3645 domum,
649 3591 672 3636 ct
695 3601 727 3635 na
737 3601 764 3636 se
779 3590 806 3635 vi
817 3588 965 3643 infundens,
976 3588 1010 3634 ita
1023 3588 1053 3634 ut
1062 3599 1133 3633 mens
1144 3585 1221 3632 bomi-

142 3655 516 3714 rus-toraidamss'ttubircpoaot
526 3658 670 3716 pullossuor.
694 3656 733 3703 nis
751 3656 832 3703 subito
850 3656 971 3702 turbetur.
987 3655 1100 3714 Denique
1117 3653 1223 3712 dungalus

143 3720 202 3768 llaec
209 3721 337 3780 spectabat
345 3723 480 3780 Abraham,
491 3724 543 3771 baec
552 3725 671 3784 profundo
694 3725 765 3772 venit
776 3724 807 3770 ad
821 3723 934 3783 ilariaco,
946 3724 972 3770 et
987 3735 1042 3770 cum
1054 3721 1185 3770 sedulitate
1197 3719 1222 3766 ot

143 3790 171 3837 et
181 3788 287 3850 spiritati
298 3790 466 3838 considerabat
477 3792 579 3840 intrritn.
694 3792 771 3851 gratia
787 3791 869 3849 renit3
881 3792 906 3838 ct
920 3791 1003 3838 mmcd
1017 3789 1093 3836 llaria
1109 3790 1174 3836 mota
1185 3785 1221 3834 est

174 3857 213 3907 60.
227 3858 335 3918 ldeoqne
353 3858 470 3918 scriptum
486 3861 523 3906 est
539 3874 546 3904 :
565 3863 670 3910 Consedit
694 3860 720 3906 in
740 3861 845 3906 introitu
865 3861 927 3918 eius.
938 3859 1008 3906 Unde
1024 3859 1131 3917 Angelus
1146 3857 1180 3904 ait
1190 3854 1219 3902 ad

143 3929 190 3979 tilis
199 3928 303 3984 Abeona,
314 3940 362 3975 non
373 3929 441 3987 quasi
453 3929 610 3987 aruspicinae,
627 3930 670 3976 sed
694 3940 749 3974 eam
764 3930 817 3975 :lic
828 3930 924 3986 doricus,
936 3928 1147 3986 incriminantes
1159 3926 1219 3972 caira

144 3997 216 4058 quasi
233 3996 339 4068 ccelesiis
359 3994 517 4046 revelationis
534 3995 669 4059 interpres,
679 3985 684 4040 Ι
695 3998 797 4057 qratiam
807 3998 869 4058 opud
884 4000 1008 4048 Dcasncet
1018 4010 1068 4046 cccc
1078 3991 1218 4058 concipicsiit
