2752 4806
137 363 185 413 ido
515 367 642 412 SANCi‘t
663 367 836 413 nlluROSlt

136 458 186 494 aon
197 445 307 504 ejusdem
317 443 491 509 longitudinis,
502 449 543 496 aut
553 449 666 497 latitudi-
692 449 767 498 dirlla.
783 451 811 497 ln
828 447 965 502 visceribus
984 446 1045 508 ipsis
1069 446 1226 497 mollioribus

136 515 189 574 nis3
200 518 284 562 mmen
297 528 352 576 qam
361 516 496 576 analogiam
508 517 665 575 decernent,
692 518 744 565 nidi
755 517 899 578 cupiditatis
907 516 950 563 aut
959 515 1050 564 doloris
1058 516 1128 564 sunt.
1136 517 1170 564 nt
1178 516 1225 563 alis

135 583 341 642 uttuiisquoque
351 596 457 643 congrua
466 596 579 632 mensum
590 585 666 631 ratio-
691 587 711 632 si
728 587 783 646 quis
801 585 952 642 consideret,
963 585 1037 633 etiam
1053 585 1142 645 plures
1156 585 1225 632 nidos

136 663 186 710 que
214 653 369 698 concurrat:
396 652 521 711 longitudo
546 652 666 719 prolixior
692 654 803 702 inueniet
821 654 847 701 iu
866 655 912 700 hac
931 653 1024 701 fabrica
1047 653 1154 700 humani
1173 664 1226 701 cor-

136 730 210 778 quam
224 718 328 766 latitudo
347 719 392 778 stt,
408 719 512 766 latitudo
526 732 598 779 quam
609 719 666 766 alti·
692 724 765 780 poris.
784 723 852 769 Unde
871 722 931 780 pauo
949 721 975 769 et
993 721 1065 768 illum
1083 722 1112 768 in
1130 721 1225 768 Psalmo

136 788 204 836 tudo.
214 790 243 836 Et
253 789 318 837 sicut
326 790 387 849 ligni
399 801 462 835 arcae
474 791 539 836 trina
548 790 667 836 distantia
691 803 740 845 non
757 791 836 837 solum
851 791 969 850 mystice,
980 789 1113 852 sedetiam
1123 790 1225 836 natura-

136 857 188 916 est3
203 856 325 917 siquidem
343 860 512 923 trecentorum
526 859 665 905 cubitorum
691 859 748 904 liter
759 858 851 906 elisisse
863 871 870 905 ι
881 859 980 905 Etenim
987 872 1070 918 passer
1079 850 1170 906 iacenti
1181 857 1226 905 riti

135 925 328 987 longitudinem,
343 929 368 975 et
378 927 558 988 quinquaginta
569 928 666 974 cabito-
690 929 798 984 domum,
816 931 839 975 et
857 930 935 974 turtur
951 926 1111 984 ntdnm‚-ubt
1125 928 1225 991 reponat

134 1006 192 1042 rum
214 996 384 1056 latitudinem,
406 997 440 1043 et·
452 997 553 1061 triginta
570 996 666 1043 curbitu-
686 996 763 1056 peritos
770 1010 833 1043 snos.
843 996 885 1042 Est
893 996 960 1043 euim
968 997 1020 1054 jam
1028 997 1054 1043 iu
1063 997 1113 1044 hoc
1121 1008 1224 1057 corporo

134 1072 190 1111 rum
204 1063 361 1112 altitudinem
377 1065 522 1113 servandam
537 1076 591 1111 esse
602 1075 665 1122 prae-
689 1062 764 1110 nidus
771 1063 912 1123 pudicitiae,
921 1064 948 1110 in
959 1077 1007 1123 quo
1016 1065 1070 1126 erat
1078 1065 1155 1113 nidus
1162 1065 1225 1111 irra-

134 1132 233 1192 scripsit
243 1145 250 1179 a
259 1134 294 1181 ita
303 1134 330 1180 et
340 1134 455 1181 innostro
464 1144 665 1192 corporesumrna
690 1132 814 1180 tionabltts
825 1134 1040 1192 concupiscentias.
1049 1133 1101 1181 Sed
1111 1135 1157 1181 uhi
1168 1135 1223 1181 anto

135 1201 186 1261 est,
206 1202 232 1249 et
251 1202 394 1261 modim-‚et
408 1203 517 1266 'minima
538 1201 663 1248 distantia.
688 1201 774 1258 partus
788 1201 910 1248 deformes
929 1202 1056 1250 nutriebat
1074 1194 1223 1261 libido','ibi

135 1269 373 1332 Summasecundum
382 1268 562 1330 longitudinem
569 1270 664 1328 ,media
689 1281 755 1316 nunc
772 1268 866 1318 decorae
877 1270 995 1332 castitatis
1005 1269 1128 1318 adolescit
1138 1264 1217 1318 haere·

134 1339 270 1386 secundum
280 1340 449 1399 latitudinem,
462 1341 566 1402 minium
577 1351 665 1386 secun·
689 1336 761 1384 ditas.

134 1407 194 1455 dum
203 1408 374 1468 altitudinem3
391 1409 470 1468 totum
485 1409 568 1455 tamen
578 1421 665 1468 corpus
719 1407 757 1452 lt.
769 1408 869 1462 illinies,
881 1407 975 1467 inquit,
986 1421 1040 1455 eom
1051 1406 1176 1454 ditandae.
1187 1405 1221 1453 Ex

134 1475 264 1524 adtentum
274 1489 307 1524 ox
317 1477 420 1536 singulis
431 1476 549 1524 memhris
559 1476 665 1536 quadra·
689 1475 773 1522 multis
791 1476 899 1532 ossibus,
916 1476 1064 1536 nervisque,
1082 1477 1111 1523 et
1126 1475 1222 1523 caeteris

134 1547 188 1594 turn
198 1547 305 1595 ridetur.
320 1549 380 1594 Nam
396 1547 421 1595 et
435 1547 462 1594 in
472 1559 519 1594 mu
530 1546 563 1592 ita
575 1546 624 1604 est,
635 1545 664 1593 ut
688 1543 743 1589 aliis
754 1544 848 1591 constat
863 1545 999 1592 humanum
1009 1556 1110 1604 eorpus.
1122 1545 1152 1590 ut
1163 1542 1221 1591 foris

135 1627 176 1664 eos
184 1615 315 1676 quadratos
326 1617 451 1674 dicamus,
464 1626 525 1676 quos
536 1626 582 1660 nec
594 1624 663 1659 enor·
688 1612 762 1671 igitur
770 1614 796 1660 et
807 1614 874 1661 iuhrs
882 1615 939 1674 apta
950 1626 1068 1674 compage
1078 1625 1220 1661 connexum

134 1682 664 1746 mesproceritate,etvaliiiosrobustiqua·
687 1683 733 1728 sibi
751 1682 872 1743 adhaeret,
898 1684 923 1730 et
948 1683 1097 1731 multudine
1120 1680 1220 1743 pmpria

133 1754 204 1803 litate
212 1756 320 1814 eorporis
327 1755 485 1802 aestimamus.
687 1763 759 1809 quam
774 1749 832 1810 ἀφην
848 1752 926 1800 Graeci
944 1751 1044 1810 dieunt,
1059 1751 1177 1810 tenetur3
1193 1750 1220 1798 ut

165 1821 203 1870 ft.
222 1823 287 1880 Quid
299 1824 374 1870 offam
388 1823 436 1870 sibi
452 1822 507 1870 suit
523 1820 589 1881 quod
607 1820 661 1869 aits
687 1819 752 1866 intus
770 1820 866 1867 claraus
886 1819 987 1879 spiritus
1001 1819 1046 1878 qui
1061 1817 1218 1877 infunditur,

133 1892 206 1939 Ntdos
220 1893 290 1950 turim
301 1894 327 1939 ta
341 1905 412 1947 arca,
424 1900 579 1949 nequaquam
588 1889 663 1937 silen·
686 1889 727 1934 vel
743 1889 860 1947 spiritatis
868 1888 1004 1936 substantia
1015 1900 1069 1948 quae
1081 1887 1150 1934 intus
1159 1898 1218 1946 ope·

134 1959 193 2006 dum
210 1954 319 2007 videtur.
329 1959 477 2006 Naturaliter
488 1959 557 2005 enim
568 1958 662 2005 dictum
686 1955 767 2014 ratur,
775 1957 853 2005 veluti
862 1956 966 2016 gematis
973 1955 1106 2003 constricta
1112 1954 1218 2002 vinculis

133 2028 250 2088 arbitror,
259 2040 288 2076 eo
297 2028 362 2088 qnod
371 2039 443 2074 omne
454 2038 541 2087 corpus
551 2030 661 2074 nostrum
685 2035 733 2071 noa
744 2026 861 2084 evagetur
873 2038 880 2070 ε
892 2025 936 2072 sed
946 2024 978 2071 ad
989 2023 1115 2071 unitatem
1134 2023 1216 2082 aptam

132 2097 261 2145 adtentum
280 2098 318 2145 est
333 2096 397 2143 sicut
414 2095 501 2154 nidus;
517 2095 546 2142 nt
561 2095 661 2154 spiritus
685 2093 710 2138 et
721 2092 903 2152 continentem,
913 2091 1146 2152 connexionemque
1156 2092 1217 2140 rali-

132 2165 214 2214 vitalis
222 2177 307 2212 onmes
315 2167 397 2225 partes
405 2164 529 2213 viscerum
537 2164 660 2222 penetret,
685 2159 741 2207 dam
764 2162 902 2209 cohibetur.
925 2161 984 2208 ideo
1008 2159 1135 2207 bitumine
1159 2170 1217 2206 eon-

132 2233 205 2293 atque
223 2233 254 2280 da
271 2232 404 2292 principali
422 2234 504 2279 nostro
523 2230 611 2277 frrrrdat
634 2243 660 2278 se
684 2228 770 2287 stringi
781 2241 836 2276 arca
845 2229 962 2288 iubatum
974 2227 1011 2275 est
1022 2227 1090 2275 enim
1104 2227 1215 2276 bitumen

131 2315 177 2362 per
195 2305 262 2349 artus
278 2302 395 2362 singulos.
411 2299 468 2346 Nidi
484 2299 584 2359 quidam
602 2298 660 2348 aaut
684 2296 1214 2355 veliementisadconstringendum'naturas.

131 2371 198 2418 oculi
215 2369 306 2427 nostri,
325 2369 416 2429 quibus
434 2379 460 2415 se
478 2368 545 2414 viem
563 2367 658 2413 inserit.
684 2367 752 2412 Unde
762 2379 839 2427 graece
851 2368 942 2416 dicitnr
955 2363 1025 2426 sepis
1035 2381 1100 2426 παρα
1113 2361 1155 2409 τοῦ
1165 2379 1215 2409 συν-

130 2439 187 2485 Nidl
202 2439 259 2485 sant
268 2443 406 2486 nostrarum
416 2437 486 2484 sirius
495 2435 605 2497 aurium,
615 2448 660 2494 per
683 2450 770 2494 απτειν,
778 2436 843 2495 qnod
854 2435 975 2493 disjuncta
986 2435 1130 2493 connectat,
1139 2446 1215 2482 nexu·

131 2517 192 2566 quos
210 2506 307 2553 auditus
324 2518 351 2554 se
370 2504 492 2563 infundit,
504 2503 530 2550 et
547 2504 659 2550 velutin
683 2516 730 2565 que
741 2505 891 2563 constringat
900 2503 1078 2562 indissolubili,
1088 2503 1126 2551 ita
1136 2504 1163 2550 ut
1172 2514 1214 2549 na·

131 2573 228 2621 foveam
239 2575 313 2621 altam
321 2573 415 2630 dejicit.
423 2573 498 2618 Nidus
507 2572 544 2618 est
552 2573 657 2633 narium,
683 2573 756 2619 turali
767 2573 862 2620 unitate
872 2573 920 2620 sihi
932 2572 1016 2620 eredas
1024 2572 1168 2620 convenire.
1178 2571 1213 2618 Otr

109 2641 173 2702 .qui
189 2641 221 2688 ad
239 2654 265 2688 se
283 2640 381 2688 odorem
400 2641 516 2687 adtrahit.
528 2641 603 2687 Nidus
622 2642 659 2689 est
683 2641 745 2688 hano
764 2655 862 2690 eausam
880 2643 948 2689 intus
967 2643 993 2689 et
1010 2641 1070 2688 foris
1091 2640 1213 2688 bitumine

129 2710 230 2771 quartrrs
246 2712 323 2768 major
341 2709 436 2757 caeteris
453 2709 535 2756 hiatus
552 2710 615 2768 oris,
631 2711 657 2758 in
682 2722 737 2757 arca
748 2711 937 2770 constringitur,
948 2723 980 2758 ne
992 2709 1116 2759 connexio
1127 2709 1170 2758 illa
1180 2708 1213 2756 fa·
1277 2755 1281 2763 ,

129 2791 178 2839 quo
187 2779 308 2840 nutritur,
317 2779 395 2827 donec
406 2778 528 2826 adolescat
536 2790 621 2839 sapor3
632 2782 658 2828 et
681 2779 730 2826 cile
738 2779 874 2839 rumpatur.
1224 2791 1226 2795 ·

129 2847 195 2895 unde
213 2860 262 2896 vox
281 2849 371 2897 evolat.
383 2848 411 2895 ln
429 2859 477 2908 quo
496 2848 556 2895 latet
574 2848 656 2908 lingua
909 2878 980 2888 --

128 2929 183 2975 quae
192 2916 262 2964 velut
273 2929 390 2977 organum
398 2917 465 2964 vocis
474 2927 544 2962 sonos
555 2915 608 2972 ejus
619 2929 657 2963 ar-
840 2941 967 2994 GAPUT
985 2940 1058 2990 vn·

129 2983 189 3031 titiri
208 2986 329 3032 sauvitate
345 2985 496 3041 modulatum
509 2985 534 3030 et
550 2996 607 3029 cum
624 2985 657 3032 sit

129 3052 182 3110 ipsa
192 3051 560 3110 irrationabilis,rationabilem
569 3065 656 3099 vocem
681 3028 736 3068 ΑΜ
754 3031 798 3068 ⁸⁰⁰
816 3040 868 3068 Μ
884 3041 934 3067 ³¹⁰³
952 3029 1037 3066 Μή*
1058 3030 1212 3076 ‘mmmm‘

193 3119 234 3131 ,,
283 3120 288 3128 ,
446 3120 451 3132 ,
514 3120 520 3131 ,
602 3121 607 3130 ,
702 3082 1213 3130 eujusdimensioniousdenorariostenditursin·

129 3114 655 3184 exprimitNrdusesthemrcranrum.Nrdus
701 3137 760 3182 gulas
768 3136 861 3172 numani
875 3135 970 3183 eorporis
981 3133 1084 3183 peruersa
1095 3143 1161 3172 mum
1170 3133 1214 3170 ars·

129 3189 166 3236 est
177 3187 318 3235 membrana
326 3189 369 3235 iltn
377 3202 431 3248 quae
440 3188 569 3236 cerebrum
577 3188 653 3248 fovet,
701 3199 766 3236 quem
777 3192 797 3225 0¹
807 3189 906 3226 decorem
915 3198 957 3226 esse
966 3186 1096 3235 compositu.

128 3258 154 3305 et
165 3257 228 3303 intra
239 3256 346 3303 cohibet.
358 3257 415 3304 Nidi
425 3257 482 3305 suut
495 3258 588 3304 viscera
597 3259 655 3318 pul·
708 3260 746 3307 l6.
762 3261 836 3307 Anum
852 3260 948 3319 autem,
960 3258 1006 3304 hoc
1022 3257 1073 3315 est,
1084 3255 1114 3302 iu
1129 3253 1212 3302 Exodo

127 3323 206 3371 monis
214 3325 239 3372 et
247 3324 335 3372 cordis.
344 3323 449 3383 Spiritus
457 3323 557 3384 quidem
567 3325 652 3384 nostri,
678 3328 754 3375 etiam
764 3328 897 3374 deauratur
906 3326 965 3373 foris
975 3327 1001 3373 et
1010 3322 1078 3371 intus
1089 3335 1149 3370 arca
1159 3322 1210 3382 illa,

127 3393 173 3441 hoc
190 3395 240 3453 est,
258 3393 312 3451 ejus
327 3406 401 3454 quem
416 3393 552 3452 carpimus,
564 3395 589 3440 et
605 3407 653 3453 quo
677 3410 732 3455 quae
749 3396 775 3442 in
785 3396 875 3443 sanctis
886 3395 924 3442 est
941 3392 1025 3440 muudi
1043 3390 1211 3451 intelligibilts

126 3462 215 3510 alimur
232 3463 259 3509 iu
270 3463 316 3510 hac
335 3463 400 3522 vita,¹
410 3462 483 3510 nidus
500 3463 538 3510 est
551 3463 651 3521 palmo:
677 3464 799 3511 imitatrix
816 3464 905 3522 imago.
917 3461 986 3510 Sicut
997 3460 1064 3508 enirn
1075 3459 1210 3521 pretiosius

125 3530 249 3588 sanguinis
265 3532 348 3579 autem
365 3532 391 3578 et
409 3532 509 3591 spiritus
525 3530 597 3578 nidus
615 3532 653 3579 est
677 3545 764 3580 aurum
779 3533 919 3578 bitumine:
931 3529 1018 3578 itaitla
1029 3541 1085 3590 quae
1101 3528 1131 3576 in
1141 3539 1211 3576 sanc-

126 3609 176 3645 ror.
187 3600 241 3645 Duo
258 3601 315 3647 sunt
333 3601 400 3648 enim
419 3602 472 3660 ejus
486 3600 552 3648 uteri
569 3613 652 3647 :unus
677 3601 708 3648 tis
719 3603 756 3648 est
766 3613 836 3660 area,
844 3611 919 3660 quam
930 3598 976 3646 ista
986 3596 1153 3657 prestantior.
1162 3595 1212 3642 lie·

125 3666 327 3725 quo'sauguinem
337 3669 408 3716 velut
417 3669 523 3729 quodam
533 3670 589 3716 sinu
598 3683 651 3716 sus-
675 3670 750 3730 nique
765 3669 805 3716 hie
816 3667 964 3728 simpliciter
973 3667 1040 3725 ligna
1054 3665 1158 3725 posuit:
1172 3662 1208 3710 ihi

124 3731 199 3792 cipit,
216 3734 242 3780 et
258 3735 407 3782 transfundit
425 3738 452 3784 in
469 3740 546 3785 venas
564 3755 571 3782 :
588 3739 651 3784 ulter
675 3740 757 3785 autem
769 3737 835 3797 ligna
850 3736 964 3797 quidem,
982 3733 1027 3782 sed
1037 3732 1208 3792 imputribilia

124 3810 173 3860 quo
183 3799 275 3861 rigatus
285 3813 318 3847 ex
328 3802 371 3849 illo
382 3805 502 3863 superiori
514 3805 613 3852 deducit
624 3805 649 3865 in
674 3805 874 3867 comprehendit,
885 3804 1011 3852 declarans
1028 3802 1122 3849 merita
1138 3812 1210 3849 sanc·

123 3866 226 3915 arterias
241 3866 293 3926 iugi
304 3869 396 3916 meatu.
408 3871 465 3916 Ossa
479 3884 576 3929 quoque
587 3873 648 3918 vali·
674 3876 763 3921 torum.
773 3873 871 3919 addidit
881 3873 956 3918 etiam
964 3870 1017 3918 illic
1024 3870 1208 3930 supportatoria

123 3936 191 3984 diora
208 3934 279 3984 nidos
297 3935 397 3984 habent.
416 3937 478 3984 Sunt
496 3939 564 3984 enirn
583 3940 648 3986 intus
673 3942 808 3987 immobilia
821 3952 889 4000 esse,
900 3939 965 4000 qnod
979 3939 1121 3987 sanetomm
1133 3938 1207 3988 statio

123 4005 220 4067 carata,
231 4004 257 4054 iu
273 4005 361 4066 quihus
376 4004 534 4063 foraminibus
550 4008 586 4055 est
598 4020 648 4056 rue
673 4009 767 4056 stabilis
784 4011 809 4058 et
824 4009 894 4057 firma
910 4009 956 4069 sit3
968 4007 1026 4068 quia
1041 4007 1099 4056 vitae
1116 4009 1208 4070 proba-
