2752 4806
173 375 222 425 1158
565 377 691 422 SANCTI
707 375 877 421 AMBROSH

173 459 253 520 bona,
264 472 314 507 non
325 459 382 507 suut
392 459 468 518 bona3
479 458 506 506 ct
521 471 574 519 quae
586 459 703 518 putantur
730 458 786 507 bunt
790 460 909 518 iustitiam
918 459 995 512 tuom.
1004 459 1105 505 Domine
1113 458 1180 505 Deus
1187 459 1272 506 rotatu

174 529 253 587 rnatu,
269 528 365 587 potiora
376 528 425 576 iilis
436 527 598 576 estimantur.
729 540 800 582 meoe,
816 531 838 575 et
849 539 898 574 non
914 527 1009 574 cessabo
1025 525 1202 575 nrbenebtcens
1218 540 1272 574 eum

206 597 244 643 ib.
257 596 562 656 inverecundorumque,
573 596 703 653 indicitiis3
728 598 838 655 psotterto
846 596 1044 643 omncsdiesoitoe
1052 607 1119 642 mcae.
1127 596 1273 642 Bonaenim

174 662 330 708 πεπαλαιονται
346 664 423 723 dirit3
435 666 524 712 utnon
538 666 588 711 tam
607 663 705 710 diutur·
730 663 859 727 posteritas
870 662 1010 710 devotionis
1022 664 1048 709 et
1057 662 1131 722 tidei,
1142 677 1202 722 quae
1213 677 1274 724 cap-

174 746 209 781 na
224 732 367 780 divitiarum
385 733 519 793 possessio,
529 745 602 793 quam
611 732 705 779 inrete·
730 733 824 783 tiritati
833 732 941 779 nescirit
951 731 1273 792 succumbere,quamfiiii

174 801 229 848 rata
240 799 366 860 copiarum
388 801 499 847 molestia
518 800 650 860 significata
669 800 706 846 vi·
731 800 1019 860 Ezechiaepertuierunt.

176 870 278 927 dentur,
290 868 353 915 sicut
363 868 426 915 vidit
436 869 593 915 Ecclesiastes
605 868 705 915 divitias
761 871 800 916 ib.
818 869 848 914 Et
862 868 960 915 addidit
972 868 1076 915 dicens:
1089 870 1152 929 Quia
1170 882 1221 918 non
1239 874 1273 919 est

176 937 292 985 custodiri
304 937 330 983 in
339 937 430 984 malum
441 937 577 996 possidenti
585 949 641 995 cas,
651 950 706 995 quae
731 942 776 987 iltis
788 941 873 994 timor,
884 950 933 983 non
949 939 983 983 est
997 938 1117 996 stapedum
1127 953 1144 985 a
1156 942 1271 988 Domino.

175 1007 281 1065 pereunt
291 1006 317 1052 in
330 1018 424 1053 summa
435 1006 588 1053 districtione
600 1018 627 1052 sc
639 1006 707 1052 soili-
731 1008 815 1054 iustus
825 1007 909 1053 autem
918 1005 996 1051 dicit:
1007 1007 1129 1066 Quoniam
1136 1008 1273 1068 floqettotus

177 1073 297 1122 citudine.
314 1076 421 1122 Pereunt
435 1074 502 1121 eninr
513 1088 567 1134 quae
578 1075 619 1121 bic
630 1075 707 1120 reiiu·
731 1090 783 1124 sum
800 1078 850 1122 toto
860 1077 910 1133 die,·
921 1076 947 1121 et
958 1076 1027 1134 optat
1037 1076 1176 1136 flagellari,
1193 1081 1222 1126 ut
1232 1093 1273 1128 re-

176 1144 300 1202 quuntur,
317 1144 344 1190 et
354 1145 450 1190 morino
464 1143 580 1202 prodesse
591 1155 640 1190 non
651 1155 707 1202 pos-
732 1145 839 1203 cipiatur
850 1156 864 1189 a
875 1144 981 1190 Domino
994 1157 1001 1189 z
1015 1145 1042 1190 et
1052 1146 1108 1192 vuit
1119 1146 1215 1194 timere
1226 1149 1273 1197 Do·

176 1211 242 1258 sunt.
259 1212 350 1259 Habuit
366 1212 441 1272 igliur
456 1211 587 1258 defunctus
605 1225 638 1258 ex
657 1212 707 1258 iliis
732 1215 841 1273 rninum3
853 1213 911 1272 quia
921 1213 997 1259 timor
1007 1213 1108 1260 Domini
1118 1215 1224 1264 initium
1236 1231 1273 1265 sa·

176 1281 381 1341 sollicitudinem,
400 1283 511 1342 requiem
528 1282 642 1328 inuenire
659 1295 708 1328 non
732 1281 833 1339 pientiae
852 1281 899 1327 est.
918 1283 967 1328 Nec
986 1282 1172 1330 beatitudinem
1185 1286 1272 1345 putat,

176 1350 275 1408 potuit,
285 1353 328 1410 qui
344 1352 446 1411 reliquit
456 1351 522 1411 quod
533 1351 707 1410 erubesceret,
732 1351 752 1396 si
764 1363 813 1396 non
828 1350 918 1397 abortit
934 1350 1023 1397 brunia
1034 1363 1078 1398 sua
1088 1385 1096 1410 ,
1105 1354 1174 1400 sicut
1185 1357 1278 1413 putant-

176 1429 225 1464 nec
236 1431 318 1465 seeum
331 1420 624 1478 abstulitquodtcneret,
636 1422 707 1479 longe
733 1419 811 1465 stulti.
827 1420 874 1464 Per
884 1419 974 1465 bovem
989 1419 1057 1465 enim
1070 1420 1133 1478 quid
1144 1422 1273 1480 signitica-
1291 1481 1294 1484 .

101 1511 103 1515 ν
178 1484 261 1544 dispar
271 1487 302 1532 ab
312 1498 341 1532 eo
352 1487 383 1532 de
395 1501 443 1546 quo
454 1488 572 1545 scripturn
584 1491 621 1535 est
632 1501 639 1533 ε
649 1492 709 1537 Reo-
733 1488 784 1546 tur,
794 1487 841 1534 nisi
852 1488 940 1534 ruralis
951 1488 1053 1535 culturae
1062 1489 1142 1548 labor,
1152 1493 1198 1550 qui
1208 1505 1273 1539 sem-

177 1556 215 1600 iue
226 1554 295 1601 iromo
304 1558 344 1615 qui
353 1558 443 1615 repicoit
454 1558 669 1604 desideriumsuum
678 1572 709 1604 co
733 1568 778 1614 per
794 1555 859 1602 redit
874 1557 901 1600 in
919 1557 1017 1613 orbem,
1037 1556 1063 1603 et
1078 1569 1217 1617 numquam
1229 1560 1280 1608 de-›

178 1623 229 1683 bis,·
244 1637 292 1672 non
307 1626 460 1684 confundetur
475 1639 528 1672 cum
545 1627 651 1684 loquetur
661 1628 710 1672 ini·
734 1624 805 1682 sinit,
823 1625 866 1671 sed
878 1637 935 1671 euni
946 1624 1044 1682 expleri
1062 1625 1184 1686 videtur,
1199 1641 1275 1676 revo-

177 1695 244 1741 micis
251 1696 299 1742 suis
310 1697 334 1741 in
345 1698 421 1754 portu.
433 1695 476 1741 Cui
488 1695 618 1742 haereditas
626 1694 709 1740 Domi·
734 1693 804 1738 catur
814 1693 840 1738 in
851 1691 996 1740 exordium?
1006 1693 1049 1740 lsii
1061 1695 1122 1742 sunt
1131 1698 1177 1755 qui
1188 1699 1274 1746 solunt

177 1772 227 1807 nus
239 1763 289 1820 est,
309 1762 335 1825 et
351 1774 446 1808 merces
456 1774 489 1808 ex
504 1762 585 1809 blariae
600 1762 709 1820 Virginis
734 1761 861 1807 Sodomam
873 1764 898 1809 et
908 1763 1077 1809 Gomorrbam.
1095 1765 1157 1824 Ergo
1174 1767 1217 1826 qui
1228 1781 1273 1814 co-

177 1830 323 1888 partu:bic
338 1831 364 1876 in
376 1831 445 1877 exitu
457 1832 585 1889 sapientiae
597 1831 710 1877 laudibus
734 1829 790 1877 lunt
814 1832 955 1890 egyptum,
984 1831 1119 1892 glebasque
1148 1835 1273 1883 terrarum

178 1897 340 1957 praedicatur,
358 1899 474 1957 quoniam
484 1910 533 1944 non
547 1899 635 1945 habuit
645 1899 710 1958 quod
735 1899 924 1958 aratroquodam
933 1899 1016 1946 soiidae
1025 1901 1117 1961 mentis
1125 1901 1278 1965 invertunt,

177 1964 352 2026 erubesceret,
364 1967 408 2028 qni
419 1967 483 2013 nihii
495 1980 578 2015 eorum
590 1981 643 2026 quae
654 1968 711 2014 sunt
735 1965 844 2014 laborem
860 1968 908 2014 sibi
924 1968 1039 2026 pariunt,
1059 1970 1085 2016 ct
1103 1970 1203 2020 dolores
1219 1987 1275 2022 rne-

180 2033 264 2080 saecuii
281 2035 424 2093 concupivit
441 2048 448 2080 x
468 2035 510 2081 sed
525 2036 709 2094 adversarium,
735 2035 799 2082 tunt.
817 2030 874 2083 ideo
890 2036 981 2083 bucula
996 2049 1082 2084 eorurn
1100 2051 1150 2085 nou
1167 2042 1273 2103 abortit,

67 2153 70 2162 Ι
179 2100 295 2160 depositis
305 2104 397 2150 veteris
408 2104 515 2150 hominis
534 2104 645 2162 exuviis,
660 2104 710 2150 telo
735 2104 778 2150 sed
788 2105 906 2165 parit,·irt
920 2111 1039 2167 augeatur
1049 2108 1120 2154 labor
1131 2122 1236 2170 eorum,
1248 2117 1274 2162 et

131 2164 135 2171 ’
178 2170 339 2219 continentias
355 2172 510 2231 vulneravit3
526 2172 554 2218 ut
569 2173 710 2233 obstrepere
735 2186 789 2231 quae
800 2170 966 2234 conceperunt
976 2177 1072 2235 omnia,
1084 2183 1208 2236 generant
1218 2183 1273 2231 sine

180 2238 205 2287 ei
216 2240 242 2286 in
257 2240 331 2298 huius
346 2240 404 2287 ritae
421 2241 468 2287 fine
480 2253 528 2288 non
544 2244 638 2300 posset,
655 2244 711 2289 vui·
735 2239 823 2287 timore
842 2243 899 2289 nei.
918 2244 981 2291 iusti
999 2245 1084 2291 autom
1104 2245 1179 2303 longe
1201 2248 1275 2296 aliter

178 2319 239 2355 nere
251 2308 365 2367 claudus,
383 2310 407 2355 et
419 2309 538 2357 virtutum
549 2309 710 2358 admiratione
735 2307 879 2366 gloriantur.
890 2311 942 2357 Non
951 2313 1018 2358 enim
1030 2312 1056 2357 iu
1068 2311 1224 2360 abundantia
1235 2317 1273 2362 di-

179 2375 305 2424 coufusns.
317 2377 399 2424 Habes
411 2390 467 2436 ergo
478 2390 526 2424 non
538 2379 712 2424 esselaudabi-
736 2375 866 2434 vitianum,
884 2380 969 2426 necin
984 2381 1056 2438 partu
1072 2393 1210 2442 pecorum,
1231 2385 1275 2432 sod

178 2445 243 2504 iem,
262 2447 306 2506 qui
317 2447 469 2495 inveteratus
479 2448 505 2493 in
516 2448 628 2506 pecuniae
639 2449 713 2506 cupi·
737 2443 762 2489 in
773 2444 879 2492 Domino
891 2445 1028 2505 gloriantur
1039 2448 1155 2496 dicentes
1173 2464 1180 2496 ε
1197 2455 1233 2499 Dc
1245 2457 1275 2500 n·-

180 2514 259 2563 ditate
267 2517 313 2577 sit,
322 2529 371 2564 non
380 2518 511 2566 renovatus
519 2518 711 2578 inperceptioue
736 2527 800 2560 more
814 2517 852 2561 ino
863 2518 887 2562 in
898 2519 963 2563 utero
976 2520 1119 2577 accepimus,
1131 2522 1155 2566 ct
1165 2525 1274 2579 porturi-

180 2584 274 2642 gratiae.
736 2585 810 2631 aimus
825 2586 933 2643 spiritam
951 2588 1043 2633 solatis.
1062 2587 1100 2633 De
1118 2587 1196 2644 justis
1215 2603 1275 2650 crgo

213 2655 250 2700 15.
272 2654 401 2702 videamus
417 2655 485 2703 atiud
497 2669 504 2701 ς
517 2658 599 2703 semen
615 2670 711 2714 eorum,
737 2651 827 2698 dicitur
846 2666 852 2698 :
873 2655 931 2714 quia
941 2655 1057 2713 spiritum
1070 2655 1158 2703 salutis
1168 2671 1274 2716 genera-

179 2722 276 2782 inquit,
288 2725 412 2770 secundum
424 2727 545 2781 animam,
562 2725 587 2770 id
599 2724 651 2783 est,
663 2737 711 2771 non
736 2722 842 2779 verunt,
860 2735 934 2780 quem
957 2725 1108 2782 acceperunt
1130 2726 1164 2772 de
1184 2727 1274 2775 timore

181 2790 249 2838 inter
265 2791 345 2849 justos
363 2792 494 2839 habentur.
516 2793 580 2840 iusti
600 2793 666 2839 enim
686 2793 712 2838 in
738 2789 798 2848 Dei,
818 2803 866 2836 non
878 2791 909 2837 de
926 2792 1022 2837 matitia
1037 2792 1112 2849 hujus
1123 2797 1273 2856 saeculi,de

181 2858 271 2917 spiritu
283 2860 405 2906 seminant
415 2893 423 2918 ,
434 2860 460 2907 et
475 2860 505 2908 de
517 2861 606 2920 spiritu
617 2861 712 2907 ructent
737 2869 784 2916 qua
792 2859 1107 2919 legimusfflcceporturioit
1114 2863 1274 2922 injustitiam,

181 2927 257 2974 vitam
272 2927 389 2974 aeternam
409 2941 415 2974 :
436 2929 474 2975 ilii
488 2941 548 2977 vero
565 2929 608 2988 qui
624 2941 712 2975 seeun—
737 2931 838 2987 concepit
848 2930 965 2986 iaborcm,
978 2933 999 2976 ct
1012 2933 1101 2990 peperit
1111 2934 1272 2991 iniquitatem.

180 2995 240 3041 dnm
254 2996 360 3041 animam
376 2997 512 3056 seminant,
528 2997 648 3056 spiritalia
659 3009 713 3042 me-
737 2996 830 3047 blelior,
838 3010 894 3056 ergo
905 2998 1003 3044 abortus
1014 3011 1087 3057 quam
1098 3002 1185 3057 partus
1196 3015 1271 3049 saecu-

180 3063 235 3108 tere
246 3075 294 3108 non
304 3068 417 3124 possunt3
436 3068 495 3124 quia
513 3066 624 3113 animalis
640 3066 712 3112 bomo
737 3064 835 3112 larium.
850 3067 963 3126 Denique
975 3067 1005 3113 de
1017 3067 1119 3114 homine
1130 3070 1177 3127 qui
1188 3070 1213 3114 in
1224 3072 1272 3118 troe

181 3142 231 3177 non
238 3131 348 3194 percipit
359 3144 388 3178 ea
399 3146 455 3190 quae
466 3136 523 3181 sunt
534 3135 634 3193 spiritus
645 3134 711 3180 Dei:
737 3137 853 3181 saeculum
874 3136 958 3194 venit,
981 3136 1006 3182 et
1025 3135 1166 3182 vanitatem
1185 3140 1272 3185 mundi

180 3200 287 3247 stultitia
306 3200 373 3246 eninr
390 3200 428 3245 itti
449 3203 498 3260 est,
520 3203 546 3248 et
564 3213 613 3247 non
631 3203 712 3260 potest
737 3201 812 3259 hujus
824 3203 849 3250 et
861 3204 976 3251 tenebras
992 3204 1097 3264 pertulit
1112 3205 1272 3263 iongaevitate

182 3268 246 3317 scire
258 3264 380 3328 quae'sunt
392 3269 505 3330 spiritns;
518 3272 543 3318 et
553 3271 608 3317 ideo
618 3283 666 3318 non
675 3283 713 3316 re·
738 3269 862 3332 diuturna,
870 3273 1273 3334 Ecclesiastespronuntiavitquia

182 3339 265 3399 pictur
275 3338 438 3397 spiritalibus,
449 3339 492 3385 sed
503 3339 637 3397 judicatur.
737 3340 873 3386 metioriiio
882 3342 1015 3388 abortivus.
1024 3341 1088 3387 Huic
1098 3341 1167 3388 enirn
1173 3345 1273 3402 requies

215 3404 253 3452 it.
270 3409 325 3454 Fiiii
332 3421 412 3453 corum
423 3410 448 3454 in
460 3410 545 3464 osuiu,
557 3396 646 3467 idest,
658 3421 713 3468 quae
737 3409 814 3466 magis
823 3422 896 3468 quarn
909 3409 961 3467 iiti3
973 3410 1030 3468 quia
1041 3421 1091 3455 non
1102 3413 1223 3469 expertus
1235 3416 1273 3461 est

182 3473 292 3532 iaciunt,
310 3475 366 3520 ideo
378 3476 486 3534 iaciunt,
502 3477 529 3523 ui
541 3476 672 3523 videantur
683 3477 712 3522 ab
737 3477 882 3523 varietatem
894 3478 992 3536 saecuii,
1003 3478 1085 3536 inqua
1094 3479 1142 3524 etsi
1151 3480 1274 3527 mittean-

99 3568 104 3576 ·
183 3543 341 3601 bominibus,
352 3556 401 3590 non
412 3546 470 3603 quia
481 3546 537 3591 boni
550 3545 713 3592 consulantut
737 3556 781 3591 nos
796 3546 851 3605 quis
867 3546 975 3602 vixerit,
994 3545 1058 3604 quod
1073 3545 1168 3593 bonum
1185 3549 1221 3594 est
1232 3549 1273 3594 vi-

184 3611 231 3656 boe
243 3612 347 3669 eligant,
364 3614 431 3672 quod
446 3614 529 3660 futuro
543 3613 637 3671 judicio
649 3626 713 3659 com·
738 3614 795 3659 dere
801 3627 849 3660 non
858 3614 946 3672 potuit.
958 3614 1056 3671 Fugisse
1066 3626 1124 3673 ergo
1132 3615 1188 3662 haec
1195 3618 1273 3675 magis

184 3678 310 3740 probetur.
321 3681 395 3727 Filios
403 3695 460 3741 ergo
468 3683 593 3742 Scriptura
602 3695 645 3742 pro
656 3695 714 3740 ope-
738 3683 776 3730 est
787 3683 887 3741 gratiae,
899 3695 974 3742 qnam
985 3682 1099 3728 subiisse.

173 3747 254 3795 ¹ribus
266 3745 406 3805 frequenter
423 3751 543 3810 declarat,
562 3751 666 3810 eoquod
677 3751 714 3798 lo-
768 3753 806 3797 ro.
824 3752 873 3798 Sed
890 3752 991 3799 tortasse
1010 3752 1073 3798 iliud
1092 3752 1192 3800 moveat
1207 3755 1274 3812 quod

185 3816 308 3876 cupietior
323 3816 430 3863 inbonis
447 3818 517 3864 iactis
532 3832 604 3878 quarn
616 3820 642 3866 in
656 3818 713 3865 filiis
738 3821 1273 3882 adjunxit:Quiomanentsicutooesoeternoe,

186 3886 308 3932 sitnostra
324 3884 460 3944 posteritas.
476 3885 545 3932 Unde
559 3888 713 3935 ethecirias
736 3891 805 3948 pueri
825 3890 904 3934 nutem
924 3901 1005 3934 corum
1031 3889 1114 3935 ludunt
1135 3891 1275 3949 accipientes

187 3956 218 4002 de
229 3956 296 4015 gravi
309 3955 453 4014 egritudine
468 3954 600 4014 liberatus,
616 3959 656 4002 En
672 3957 714 4002 bo-
736 3959 872 4018 psalterium
891 3959 913 4003 et
930 3957 1060 4013 ciiburom,
1084 3959 1107 4004 et
1129 3958 1276 4005 delectantur

186 4026 266 4072 ‹iicrno
272 4057 281 4084 ‚
295 4025 390 4086 iuquit,
399 4025 458 4084 filios
467 4024 554 4085 faciam
567 4026 608 4084 qui
618 4027 713 4072 nuntio·
738 4026 892 4085 ooccpsobni.
904 4026 1103 4072 consummarunt
1111 4028 1191 4072 autom
1202 4029 1226 4073 iu
1237 4026 1276 4072 bo·

76 4400 288 4512 A
