2752 4806
81 467 144 507 mo
157 468 235 509 cmm!
369 406 621 484 duneuoboetA
641 409 874 460 uusuosrtui.
1106 412 1169 460 Mxt
1247 412 1249 415 ’

126 522 188 575 578
266 524 378 581 bibrum
389 523 424 583 de
439 523 542 585 Videtis
551 530 739 602 subsequutus
751 535 793 589 est
804 528 839 589 de
852 532 1025 601 Virqictlelc
1042 534 1161 591 libellus.
1206 558 1209 562 “

228 684 267 742 hb
275 606 500 743 ineluutediedem
511 610 644 677 anno,ad
652 613 814 678 Gratianum
822 611 899 669 missi
912 613 978 670 sunt
989 612 1044 675 duo
1057 613 1164 683 priores

241 683 247 697 '
267 684 292 741 ri
351 685 385 740 m·
423 725 432 742 .

261 764 457 836 Proiligatus'a
468 767 613 835 Barbarie,
629 768 660 825 in
676 769 779 841 agresti
796 769 939 842 tuguriolo
953 769 1032 826 virus
1050 769 1164 825 conibu-

228 842 301 900 ritur
313 845 430 911 Valens,
441 860 474 902 iv
485 845 540 901 iai.
554 847 684 917 Augusti.

260 922 317 980 Sub
335 923 402 980 amri
420 923 545 991 exitum,
563 927 694 994 Satyrus,
711 927 849 985 Ambrosii
869 926 969 995 trater,
992 925 1021 981 in
1043 923 1165 980 Airicam

229 1001 358 1072 normas,
435 1062 437 1065 ,
992 1048 994 1053 ,

262 1083 301 1136 En
313 1081 430 1138 hiberna
440 1081 612 1152 proiectione
623 1097 769 1151 reversus,
778 1083 815 1139 ad
831 1085 949 1154 Superos
962 1082 1020 1139 abit
1032 1083 1163 1152 satyrus3

181 1229 185 1234 ξ
227 1159 306 1230 cujus
317 1161 414 1215 mortis
426 1160 570 1217 occasione
583 1155 619 1215 de
630 1163 758 1218 decesso
771 1161 875 1232 [ratris
883 1177 917 1218 ac
933 1157 968 1220 de
978 1157 1048 1217 Fide
1060 1174 1164 1216 resor-

228 1240 365 1296 reciionr’s
377 1239 518 1295 orationes
531 1239 615 1295 babet
627 1239 760 1297 Antistes.

264 1318 409 1372 Gratianus
422 1317 532 1388 imperii
544 1319 699 1376 consortem
710 1317 779 1375 iecit
789 1321 989 1383 imeneorum,
1007 1319 1053 1393 cui
1065 1319 1163 1375 Oriens

231 1395 374 1461 tribuitur,
386 1397 507 1453 rr1vkal.
521 1395 592 1454 febr.

262 1477 327 1532 'ires
338 1476 504 1545 posteriores
515 1471 550 1534 de
566 1472 635 1534 lide
651 1476 753 1546 libros,
769 1477 894 1550 itemque
911 1471 946 1535 de
962 1480 1022 1535 Noe
1039 1481 1068 1532 et
1084 1477 1163 1534 Arca

228 1553 467 1613 elucubrationem
477 1555 536 1613 edit
548 1555 702 1614 indefessus
713 1557 819 1613 doctor.
1094 1554 1096 1558 '

262 1633 405 1704 Virginem
416 1648 524 1690 sacram
535 1635 682 1703 indiciam,
694 1636 804 1692 violatae
814 1634 983 1707 virginitatis
991 1634 1162 1704 extinctique

221 1710 311 1777 ,loelus
327 1713 529 1780 insimulatam,
548 1729 565 1769 a
581 1715 720 1770 calumnia
738 1715 861 1770 vindicat
878 1713 1055 1780 Ambrosius;
1072 1728 1089 1768 a
1106 1725 1163 1783 quo

226 1791 310 1849 simul
320 1792 454 1849 Ancmlus
464 1793 557 1848 sirmii
566 1794 711 1865 episcopus
723 1793 810 1850 iuvita
821 1794 929 1849 lustina
939 1795 1126 1849 consecratur.

149 1940 156 1953 ό
240 1908 242 1911 -
260 1874 327 1928 'ires
344 1873 429 1928 libros
446 1868 480 1928 de
497 1874 607 1942 spirito
621 1877 735 1940 sancte,
748 1887 817 1945 quos
835 1873 931 1929 caesari
949 1871 1077 1928 Gratiano
1094 1885 1161 1941 pro-

225 1950 354 2018 miserat,
366 1952 402 2006 ad
413 1952 542 2008 eumdem
554 1952 649 2024 dirigit
665 1953 824 2023 Episcopus.
837 1981 867 1994 ·-
879 1955 972 2009 Mense
987 1951 1160 2021 septembre,

226 2031 396 2087 convocatur
405 2030 527 2100 synodus
537 2031 725 2102 Aquileiensis
741 2032 873 2089 adversus
890 2031 1043 2089 Palladium
1061 2031 1089 2085 et
1107 2032 1161 2085 Se·

227 2109 412 2175 eundianum‚
426 2109 552 2164 Arrianae
564 2109 693 2165 factionis
706 2111 863 2184 episcopos.

262 2187 396 2242 Libellum
405 2184 440 2244 dc
446 2189 664 2258 incarnationis
671 2190 832 2246 Dominicis
840 2191 1033 2263 sacramento,
1043 2188 1161 2244 duorum

228 2268 350 2322 Gratiani
363 2267 597 2323 cubiculariorum
608 2268 717 2339 gratie,
734 2268 831 2323 scribit
849 2267 930 2323 divus
944 2267 1114 2321 Ambrosius.
1130 2295 1160 2305 -

226 2349 341 2402 Romam
352 2360 381 2401 se
393 2343 514 2412 confert,
526 2346 563 2401 ad
574 2346 759 2401 assistendum
770 2359 871 2416 magne
883 2344 1010 2410 concilio,
1024 2344 1097 2414 quod
1109 2345 1161 2399 sub

198 2424 200 2429 ’
226 2423 359 2484 Pontificc
370 2424 609 2479 bauasoinUrbe
618 2424 746 2479 habitum
755 2424 1006 2496 est,sanctumque
1015 2423 1161 2479 Acholium

227 2519 260 2561 ac
272 2503 460 2559 Mareellinam
471 2516 594 2556 sororem
606 2501 714 2558 invisit,
840 2574 842 2577 .

259 2583 358 2638 Fertur
367 2582 490 2636 Gratiani
499 2581 610 2650 caesaris
618 2581 740 2637 edictum
749 2580 940 2653 qroictoriae
949 2596 997 2638 ara
1007 2590 1041 2638 ex
1051 2582 1159 2648 senatu,

229 2659 304 2718 unde
321 2659 379 2729 jam
402 2660 576 2716 Constantius
599 2675 662 2716 eam
682 2663 861 2729 removerat,
880 2665 1043 2733 reposuerat
1063 2655 1160 2717 autem

227 2740 709 2812 lulianusapostata,tollijubetur,
1007 2765 1011 2772 ·

260 2819 376 2875 Moritur
387 2822 416 2874 S,
428 2819 577 2885 Acholius,
589 2818 733 2874 Ambrosio
744 2818 910 2889 peramicus.

260 2900 351 2955 Multis
363 2897 488 2953 cladibus
499 2897 621 2957 aiiicitur
633 2898 798 2969 imperium,
811 2897 933 2967 primum
944 2894 1031 2962 fame,
1044 2896 1161 2952 iterum-

226 2992 282 3049 quc
299 2977 450 3033 rebellione
465 2977 591 3043 Maximi,
602 2978 690 3049 ,cuius
707 2976 821 3032 immani
836 2975 941 3032 scelere
957 2979 1071 3032 necatus
1089 2980 1159 3032 Gra-

226 3057 334 3122 tianus,
346 3057 402 3111 vita
413 3058 442 3112 et
454 3056 522 3110 solio
533 3055 660 3126 fungitur
671 3071 726 3112 vm
737 3056 792 3112 kal.
805 3055 986 3124 septembres,
997 3085 1028 3094 -
1041 3056 1160 3111 Primam

226 3136 262 3193 ad
281 3135 430 3191 Maximum
450 3135 617 3206 legationem
637 3135 753 3204 suscipit
773 3135 952 3200 Ambrosius,
973 3135 1161 3190 Valentiniani
1293 3190 1296 3194 ,

225 3215 349 3272 iunioris
358 3229 456 3280 causa,
469 3217 497 3270 et
508 3213 655 3271 Mediolani
663 3215 768 3281 redux,
777 3215 863 3275 libros
874 3208 909 3270 de
922 3215 1157 3285 interpellatione
1214 3250 1216 3253 -

225 3295 314 3354 ledet
324 3291 417 3351 David
427 3296 600 3365 pronuntiat.
753 3328 754 3331 =
1011 3288 1013 3292 ’

262 3375 436 3444 Apoioqrooa
452 3373 604 3444 Prophetae
624 3367 718 3430 Deoid
739 3372 797 3430 edit
818 3375 846 3430 S.
868 3373 987 3439 Doctor,
1011 3373 1159 3442 libelloque

224 3453 396 3524 Symmachi,
406 3452 500 3508 altaris
509 3452 638 3509 Victoriae
647 3452 853 3507 restitutionem
861 3451 992 3520 petentis,
1000 3450 1157 3518 respondet.

227 3561 259 3574 -
270 3532 367 3587 Missus
379 3532 414 3586 ab
426 3530 524 3587 eodem
534 3532 701 3606 symmacho
709 3530 868 3590 rhetoricus
878 3528 1010 3600 magister
1022 3529 1159 3600 Augusti-

227 3609 493 3677 uus,Mediolanum
504 3608 592 3665 venit.

260 3689 332 3746 liuic
342 3689 428 3746 etiam
439 3703 512 3744 anno
523 3685 743 3757 pertinentiibri
754 3685 809 3743 duo
821 3680 856 3744 de
867 3686 1047 3744 Poeuileoiio.

258 3768 378 3835 Mouica,
391 3767 482 3824 filium
492 3767 681 3838 Augustiuum
694 3770 770 3824 terra
784 3767 910 3839 marique
926 3769 1036 3833 secula,
1051 3767 1158 3823 Medio-

225 3848 319 3904 lanum
331 3848 390 3918 ipsa
402 3847 533 3914 advenit,
541 3848 719 3920 benigneque
732 3849 763 3904 et
775 3847 891 3903 comiter
902 3848 937 3903 ab
950 3846 1093 3901 Ambrosio
1104 3860 1156 3901 ex·

226 3929 337 3998 cipitur.
350 3929 432 3985 Brevi
444 3929 571 4001 sequitur
582 3928 717 3984 mirabilis
729 3923 1043 4000 Augustiui'couversio.

260 4007 382 4075 lustina,
393 4022 490 4078 pacem
506 4023 522 4063 a
541 4009 658 4064 Maximo
669 4007 807 4066 Ambrosii
825 4021 878 4077 ope
895 4005 1077 4076 consequuta,
1095 4014 1158 4062 uros
