2752 4806
141 421 174 468 '02
533 415 657 463 saltent
677 418 847 462 annnostl

139 503 174 547 -rat
194 501 250 548 idco
271 498 373 547 carendi
391 501 447 545 sunt
464 500 507 557 qut
526 500 606 546 crines
620 511 669 546 suae
695 499 891 558 adcupiditatem
902 493 1089 544 incendium.Et
1100 494 1157 542 ideo
1164 492 1223 542 boa·

143 568 249 625 fraudis,
269 568 294 614 et
311 565 410 614 brachia
428 565 499 624 longe
517 567 615 626 lateque
631 566 670 613 di·
695 567 719 612 ta
736 570 788 625 est,
799 566 820 613 si
836 567 899 612 hona
914 576 958 612 sua
968 565 1079 624 noverit,
1091 575 1149 610 cum
1160 562 1223 610 rcri-

145 636 274 695 spergunt,
287 634 325 680 vel
344 632 454 693 speciem
471 634 576 681 induunt
585 634 670 681 multi·
696 634 745 681 tate
761 635 901 694 paupertas,
912 634 938 681 ct
948 632 1061 679 omnibus
1071 630 1222 692 praeferendn

144 706 255 752 formem.
266 703 295 749 Et
307 703 348 750 isti
356 702 423 749 enim
431 702 515 762 polypi
526 703 582 750 sunt
591 715 670 750 nexus
695 704 817 750 thesauris
824 716 832 762 3
840 703 898 762 qula
908 701 996 748 melius
1004 700 1174 759 estexiguum
1181 698 1222 744 du·

143 773 261 834 plurimos
270 771 401 830 babentes,
412 773 438 818 ct
448 771 591 818 callidorum
602 773 670 830 inge-
696 775 748 818 tum
766 784 821 818 cum
838 771 886 818 Dei
903 770 1005 827 timore,
1021 780 1095 828 quam
1113 767 1222 815 thesauri

143 841 240 888 ntorum
257 840 375 898 vestigia,
393 838 484 898 quibus
503 839 600 886 irretire
616 851 670 897 pos·
695 838 775 898 magni
791 839 846 887 sine
860 839 956 885 timore.
969 836 1092 894 Quantum
1104 834 1142 881 est
1157 833 1221 880 enim

142 909 193 956 sint
211 907 329 967 quidquid
340 907 366 953 in
383 906 494 967 scopulos
509 917 558 954 suae
576 905 670 954 fraudis
694 907 759 966 qnod
769 908 895 955 hominem
905 901 1222 964 atattAutsiquaerlsquod

142 976 267 1025 inciderit.
696 976 770 1022 etiam
779 977 834 1023 aliis
844 975 953 1022 abundet
963 972 993 1020 ad
1003 970 1154 1032 gratiam,id
1164 982 1222 1030 quo

173 1043 213 1090 Ἠ.
231 1045 322 1092 cancer
339 1054 435 1103 quoque
446 1054 506 1103 quas
524 1041 574 1089 cibi
592 1041 669 1101 gratia
695 1057 743 1103 que
757 1057 807 1091 non
822 1044 927 1091 multum
941 1043 986 1090 est.
1001 1042 1087 1089 Melior
1103 1040 1171 1087 enim
1186 1039 1221 1086 es't

142 1114 278 1173 praestigias
289 1111 401 1160 instruit!
413 1112 521 1170 Namque
533 1111 620 1170 etipse
631 1123 670 1159 os-
695 1115 846 1173 hospitalitas
851 1114 877 1160 in
884 1111 1051 1160 oleribnscunt
1056 1110 1221 1170 gratianum

142 1184 197 1229 trco
208 1182 357 1238 delectatur,
375 1179 554 1236 etcarnisejns
568 1180 669 1238 epulum
694 1183 827 1230 vitulorum
848 1183 976 1243 pinguium
998 1178 1145 1239 preparatio
1166 1187 1220 1224 cnm

144 1249 191 1296 sibi
200 1248 296 1309 quaerit.
308 1248 356 1295 Sed
365 1248 424 1308 qula
434 1247 461 1293 nt
472 1248 591 1305 appetens
603 1247 668 1304 cibi,
695 1251 822 1299 discordia.
834 1252 998 1309 Utamurergo
1009 1247 1110 1307 ingenio
1118 1246 1220 1306 adque·

124 1372 127 1380 Ι
142 1319 178 1364 ita
194 1317 345 1378 prospiciens
362 1316 400 1364 est
418 1315 524 1375 periculi
536 1328 543 1360 τ
554 1317 669 1374 quoniam
695 1322 794 1368 rendam
807 1321 922 1380 gratiam,
934 1319 959 1366 el
973 1319 1077 1369 salutem
1088 1315 1219 1374 tuendam,

144 1398 200 1434 cum
211 1383 318 1433 dllllcllis
331 1385 368 1432 est
378 1383 490 1440 venatio,
506 1383 559 1430 tum
571 1385 670 1443 pericu·
694 1401 742 1436 non
752 1390 781 1436 ad
789 1383 1220 1437 alienamcircumscribendamlnno·

144 1455 195 1502 losa
205 1465 212 1498 τ
221 1453 343 1512 diflicilia,
358 1453 416 1513 quia
426 1453 498 1500 testis
508 1452 669 1502 validioribus
694 1458 808 1504 centiam.
820 1459 889 1506 Licet
900 1457 970 1504 nohis
984 1456 1021 1502 uti
1038 1453 1162 1513 exemplis
1170 1462 1220 1497 ma·

143 1535 199 1571 esca
209 1523 312 1574 interior
322 1520 467 1583 includitur3
475 1520 608 1568 namrelut
616 1530 671 1569 mu*
695 1525 784 1573 ritimis
794 1526 825 1573 ad
832 1525 968 1586 profectum
976 1521 1064 1570 nostrae
1071 1519 1219 1578 salutis,nod

144 1592 178 1640 ris
195 1591 341 1653 quibusdam
361 1590 493 1637 mollitiem
511 1589 591 1636 carnis
606 1603 669 1649 prae-
694 1593 725 1641 ad
735 1594 822 1642 alienae
830 1593 976 1654 pericnlum.

143 1661 209 1721 cepti
219 1660 354 1722 imperialis
363 1659 576 1718 interprcsnatura
586 1659 669 1705 muni·
917 1696 984 1706 ..-

143 1732 193 1790 vit,
205 1742 278 1791 quam
283 1729 364 1776 medio
373 1728 492 1776 testarum
499 1727 605 1786 quodam
612 1727 668 1775 sinu

142 1809 248 1845 concavo
254 1796 332 1843 nutrit
340 1807 368 1842 ac
379 1794 489 1851 loret,ct
497 1794 566 1853 quasi
576 1794 602 1839 in
607 1808 668 1853 qna·
860 1776 986 1832 CAPUT
999 1773 1052 1827 lx·

143 1865 200 1912 dam
206 1867 271 1914 valle
282 1863 412 1921 dillundit3
421 1864 447 1909 et
453 1862 507 1909 ideo
516 1873 581 1909 cassa
587 1864 667 1910 omnia
694 1881 723 1918 p,
736 1881 867 1930 ,menna
882 1882 952 1920 echini
962 1876 1061 1919 summ
1074 1879 1218 1925 tempestatem

143 1933 293 1982 tentamenta
312 1933 370 1980 sunt
387 1932 482 1989 cancri,
500 1930 562 1990 qula
573 1932 667 1990 aperire
714 1939 837 1977 nonianus.
853 1939 910 1976 Eum
925 1939 1023 1985 accepisse
1041 1935 1081 1973 hcc
1106 1934 1218 1972 donum

143 2004 252 2050 clarmum
261 2000 440 2049 ostreumnulla
449 1999 474 2045 ri
484 1999 580 2057 polest:
592 2001 617 2048 et
625 2015 667 2061 pe-
714 1995 832 2057 nmmum
838 1986 1219 2043 indulnwfissnfflssiw‘ffll’ffi·

143 2069 275 2116 riculosum
286 2067 324 2114 est
331 2067 353 2113 si
360 2063 472 2116 chelam?
480 2066 534 2122 ejus
544 2065 666 2125 includat,
715 2047 805 2086 datur.

143 2138 174 2184 ad
184 2135 325 2196 argumenta
333 2132 487 2192 confugit,et
497 2133 598 2181 insidias
605 2147 667 2181 nova
721 2133 759 2180 ill.
769 2135 881 2181 doninus
893 2132 983 2180 animal
995 2129 1183 2192 exiguum,rlle
1193 2139 1220 2174 ac

138 2205 228 2253 ‘fraude
243 2204 351 2251 molitur.
369 2202 453 2260 ltaque
463 2201 521 2260 quia
531 2202 612 2249 omnia
625 2216 668 2262 ge-
692 2202 858 2261 despicabile,
877 2200 1026 2248 maritimum
1047 2199 1147 2257 loquor,
1167 2197 1219 2256 ple-

143 2287 202 2322 nera
213 2273 376 2322 delectatione
392 2271 544 2330 mulcentur,
557 2273 668 2330 explorat
694 2282 795 2330 mmquc
807 2269 882 2317 index
896 2269 984 2315 luturae
998 2265 1167 2325 tempestatis,
1178 2263 1220 2312 aut

143 2344 270 2403 siquando
287 2342 394 2390 ostreum
409 2341 510 2387 remotis
523 2340 548 2386 in
562 2341 622 2388 locis
637 2343 668 2388 ab
694 2339 877 2398 tranquillitatis
883 2337 1014 2386 adnuntius
1020 2335 1082 2383 solcl
1091 2347 1145 2382 esse
1153 2334 1219 2381 nari-

143 2413 209 2459 omni
219 2412 293 2460 vento
312 2412 395 2458 contra
410 2410 468 2457 solis
488 2408 569 2456 radios
586 2409 669 2470 dipty-
693 2409 813 2466 paulibus.
825 2408 937 2466 Denique
949 2418 1004 2453 cum
1015 2405 1149 2465 procellam
1160 2414 1219 2449 ven·

143 2481 218 2526 chum
227 2479 248 2500 ’⁸
257 2480 319 2526 illud
334 2490 406 2525 suum
421 2477 529 2536 aperiat,
539 2477 565 2523 ct
576 2479 669 2526 reseret
694 2480 773 2525 torum
791 2475 962 2537 praesenserit,
972 2473 1093 2520 calculum
1112 2471 1219 2520 validum

142 2548 249 2594 claustra
269 2548 402 2603 testarum3
419 2548 447 2592 nt
456 2547 535 2591 libero
552 2559 608 2593 aere
619 2549 669 2594 vis-
694 2547 794 2604 arripit,
804 2557 908 2604 eumque
919 2543 989 2593 velut
999 2542 1126 2588 saburram
1136 2540 1217 2598 vehit,

144 2615 208 2662 ceris
218 2608 256 2662 sui
266 2614 418 2671 voluptatem
429 2612 558 2671 quamdam
569 2614 649 2673 capiat
661 2631 667 2662 ι
694 2615 719 2660 et
730 2614 845 2672 tanquam
857 2613 986 2659 anchoram
998 2609 1088 2667 trahit,
1098 2621 1132 2655 ne
1143 2621 1218 2655 exeu-

143 2682 236 2729 ettunc
253 2681 364 2729 clanculo
382 2680 503 2727 calculum
519 2681 668 2742 immittens,
696 2683 769 2727 tiator
777 2681 1043 2739 fluctibusltoquenon
1051 2677 1102 2724 suis
1112 2690 1139 2724 se
1149 2677 1219 2723 librat

138 2751 248 2810 impedit
268 2749 447 2796 conclusionem
471 2750 559 2809 ostrei;
583 2763 611 2798 ac
633 2753 668 2800 sic
694 2750 799 2809 viribus,
811 2751 855 2797 sed
870 2751 956 2797 alienae
970 2746 1111 2795 stabilitatis
1127 2745 1219 2806 regitur

143 2820 227 2880 aperta
242 2819 346 2865 claustra
358 2819 497 2878 reperiens,
509 2819 563 2865 tuto
582 2820 669 2869 inserit
695 2819 809 2875 pondere.
821 2819 872 2875 Quo
885 2816 977 2862 indicio
991 2814 1072 2861 naulae
1087 2814 1157 2861 velut
1171 2815 1218 2874 sig-

143 2890 240 2947 chelas,
250 2888 393 2946 visceraque
409 2888 505 2934 interna
519 2887 667 2947 depascitur.
694 2900 752 2932 num
768 2887 855 2933 luturae
871 2883 1060 2944 perturbationis
1076 2885 1216 2941 capessunt,

170 2956 210 3002 25.
228 2955 290 3002 Sunt
309 2966 366 3012 ergo
386 2954 510 3012 homines,
525 2957 566 3012 qni
588 2954 668 3004 cancri
694 2956 719 3000 et
736 2955 783 3001 sibl
804 2953 957 3012 praecavent,
973 2963 1004 2998 ne
1026 2963 1069 2998 eos
1088 2951 1218 3009 imparatos

142 3036 188 3072 usu
203 3025 230 3069 in
248 3023 335 3069 alienae
349 3034 420 3069 usum
436 3022 668 3083 circumscriptionis
693 3023 764 3069 turbo
775 3022 920 3082 improvisus
933 3020 1052 3068 inveniat.
1065 3019 1112 3077 Qui
1123 3020 1218 3067 matbe-

142 3092 259 3152 irrepant,
268 3092 293 3138 ct
302 3089 468 3137 infirmitatem
475 3092 581 3150 propriae
588 3093 667 3141 virtu·
693 3092 803 3148 maticus,
812 3091 853 3150 qui
865 3084 1086 3148 astrologusque
1093 3087 1217 3134 Chaldaeus

142 3162 174 3208 tis
184 3160 239 3208 astu
254 3159 360 3218 quodam
374 3158 527 3218 suffulciant,
538 3159 608 3207 fratri
624 3162 667 3209 do-
691 3161 726 3206 sic
736 3162 816 3219 potest
826 3160 933 3207 siderum
945 3171 1038 3216 cursus,
1047 3158 1092 3203 hos
1101 3157 1158 3202 coeli
1166 3168 1218 3203 mo·

142 3231 194 3276 lum
219 3228 331 3286 nectant,
359 3227 385 3274 et
409 3227 510 3274 alterius
535 3230 667 3287 pascantur
691 3230 729 3274 tus
740 3231 765 3275 ct
775 3228 841 3286 signa
852 3224 1140 3286 comprehenderelQuo
1150 3226 1218 3284 inge·

141 3297 303 3344 aerumna‘l'u
318 3293 401 3343 autem
416 3296 521 3355 propriis
539 3298 590 3344 esto
608 3311 666 3345 con·
690 3297 786 3344 nloista
796 3295 970 3355 collegit'tQuo
981 3295 1080 3342 doctore
1095 3294 1218 3354 percepit!

141 3366 233 3423 tentus,
242 3365 267 3413 el
277 3364 358 3411 aliena
367 3365 391 3411 le
398 3364 485 3411 damna
495 3377 544 3411 non
555 3371 663 3425 pascant.
690 3366 749 3421 Quis
769 3365 793 3412 ei
814 3363 861 3411 tuit
878 3364 940 3411 tanti
959 3364 1081 3421 interpres
1098 3362 1219 3421 engadi?

141 3432 664 3492 Bonusclhusestsimplicitasinuoceutiae.
690 3435 758 3492 Saepe
778 3432 890 3480 homines
912 3429 1079 3479 contusionem
1097 3431 1162 3478 aeris
1181 3429 1217 3476 vi-

141 3502 188 3548 Sua
196 3500 473 3549 bonahabensinsidiari
480 3503 559 3549 nescit
568 3503 664 3563 alienis,
690 3502 758 3560 dent,
770 3503 795 3549 et
805 3513 869 3561 saopc
888 3495 1015 3558 falluntur,
1026 3499 1092 3558 qnod
1109 3500 1218 3559 plerum-

141 3582 187 3617 nec
197 3570 305 3616 avaritia·
320 3569 413 3617 lacibus
424 3571 567 3630 inardescit,
577 3573 617 3619 cui
628 3573 666 3620 lu·
690 3582 738 3630 que
760 3581 815 3616 cam
838 3569 892 3616 sine
916 3568 1063 3628 tempestate
1092 3567 1216 3615 discutiat.

142 3632 665 3701 crnmomneadvirtutemdispendiumest,
691 3638 796 3686 Echinus
825 3648 874 3683 nou
905 3635 1011 3695 fallitur,
1034 3635 1152 3683 echinum
1175 3647 1225 3682 sua

691 3717 844 3766 nequaquam
859 3706 927 3765 signa
944 3705 1102 3766 praetereunt.
1203 3699 1207 3707 ⁴

161 3775 244 3836 *lebena
254 3775 367 3836 arumnosas
375 3779 434 3825 quasi
448 3778 537 3824 forcipes
555 3784 605 3817 suni
613 3808 619 3827 ,
628 3785 665 3818 aur
720 3775 758 3821 25.
768 3774 837 3822 Unde
848 3775 938 3832 exiguo
948 3774 1048 3820 animali
1058 3772 1125 3818 tanta
1136 3769 1218 3818 scien·

140 3827 228 3878 ‘¹QO
239 3826 300 3874 utam
307 3829 455 3874 qmbusoovra
465 3829 582 3876 ⁸¹¹⁵⁹¹¹¹¹¹¹·
691 3843 735 3901 tia,
745 3843 774 3888 ut
782 3842 862 3890 futura
872 3841 1020 3902 praenuntiet
1029 3839 1100 3898 lQuo
1108 3840 1187 3898 magis
1194 3839 1220 3886 ln

162 3883 179 3900 ‘⁸
193 3880 311 3927 Diptyclncm
328 3885 388 3920 vocal
403 3886 526 3928 utrumqne
541 3884 597 3920 latus
610 3887 667 3922 testae
750 3911 755 3922 .
778 3912 783 3921 .
1093 3908 1098 3919 ·

139 3938 275 3979 ostreorum,
285 3933 344 3981 quod
359 3944 421 3972 more
433 3935 485 3971 libri
501 3934 616 3974 claudatur
632 3941 668 3975 nl·
693 3923 722 3957 ⁰⁰
731 3912 794 3956 ΠΜ
804 3912 910 3970 e⁵t⁹q¹¹⁰
926 3910 1020 3956 tantam
1034 3908 1112 3969 9⁰⁸⁸¹t
1127 3907 1220 3954 bahem

61 4008 65 4012 ¹
140 4003 182 4047 quc
205 3991 319 4039 aperiatur.
341 3992 358 4029 Α
384 3992 489 4041 particula
508 3979 541 4037 dte
559 3997 579 4028 el
601 3996 667 4032 verbo
692 3978 943 4037 prudetltiarn‚crede
959 3977 1023 4037 quod
1033 3974 1220 4035 perindulgen-

139 4049 250 4108 πήσσειν,
261 4061 327 4108 idest,
336 4060 421 4109 plicare.
695 4048 754 4093 tiam
764 4049 862 4095 Domini
874 4059 954 4094 rerum
966 4045 1074 4093 omniurn
1087 4045 1113 4095 id
1123 4052 1221 4105 quoquo
