2752 4806
387 395 429 440 nn
444 370 585 443 nuru‘nr
607 395 755 442 seruum
775 397 877 472 uranu
892 397 987 444 uuus.
1191 396 1237 447 ser·

151 475 251 536 matnr3
273 476 302 525 ut
322 477 401 527 multe
421 479 513 538 meiere
535 480 680 527 temulentia
705 479 787 527 medie
801 479 865 541 ignis
875 481 927 528 sine
938 479 1049 541 periculo
1060 480 1145 530 salutis
1155 482 1238 532 andis-

150 558 193 593 ees
204 546 263 593 vina
276 546 436 606 perturbent,
447 560 550 608 quorum
560 549 642 596 ocules
652 561 680 595 ae
706 549 756 608 set,
772 550 820 596 nisl
834 549 945 597 munitus
956 549 1030 597 armis
1038 550 1129 609 ieiunii
1140 550 1235 600 luisset.

149 614 247 661 mentes
266 613 444 664 inebriaverint
455 647 463 675 ,
473 625 555 676 ‘quam
571 629 680 678 quorum
705 618 869 678 Quadraginta
886 619 953 666 enim
967 619 1057 666 'diebus
1074 614 1195 676 ieiunavit
1209 621 1238 668 in

150 683 261 729 membra
271 685 455 742 prostraverint.
706 688 803 746 mente,
812 700 868 735 cum
878 689 968 747 Legem
976 687 1099 747 acciperet
1108 698 1123 733 a
1134 687 1238 737 Domino

181 753 219 798 12.
231 754 344 813 Legimus
361 754 435 801 etiam
450 754 515 814 quod
529 753 625 814 patrem
636 753 681 802 Let
705 755 757 801 Deo
772 757 862 803 nostre.
876 757 904 803 Et
916 756 943 802 in
959 755 1127 815 superioribus
1137 757 1239 816 quidem

147 820 326 870 inebriaverint
333 823 421 870 liliaeiu
430 836 458 871 eo
466 823 599 882 monte,ad
607 836 680 884 quem
705 823 795 872 montis
805 825 857 872 Lex
868 824 971 872 dabatur
977 825 1053 885 bloysi
1062 825 1200 884 ieiunanti,
1210 826 1238 875 in

148 889 267 937 timentes
277 891 390 939 incendia
401 891 556 939 sodomitana
566 891 681 950 conluge-
705 890 865 940 interioribus
875 894 966 954 popule
976 890 1136 942 manducanti
1142 906 1238 953 praeve·

148 959 217 1018 rant,
226 959 252 1005 et
262 960 405 1007 habitabant
414 960 441 1006 in
450 962 576 1021 spelunca.
587 962 680 1010 Conve-
705 961 791 1007 ricatie
799 963 916 1020 sacrilega
922 963 985 1009 luxu
993 961 1173 1008 accendebatur
1179 975 1238 1022 epu·

148 1028 188 1074 nit
215 1028 330 1076 ebrietati
356 1029 431 1088 atque
455 1029 579 1076 concurrit
604 1031 679 1090 aetas,
705 1029 881 1086 lentiquue
902 1031 1042 1090 spectaculo
1061 1031 1143 1078 motus
1164 1030 1238 1090 lreqit

147 1111 236 1158 sexus,
252 1098 358 1155 solitudo
364 1131 371 1158 ,
384 1101 464 1158 locus,
479 1098 587 1146 ferarum
604 1101 681 1158 magis
705 1097 800 1145 tabulas
816 1099 923 1159 lloyses,
933 1100 1064 1159 indignum
1082 1099 1195 1158 judicans
1209 1102 1239 1150 ut

148 1167 356 1227 latibulis,quam
375 1167 489 1224 humanis
505 1169 585 1228 aptior
601 1169 680 1216 demi·
706 1167 775 1215 ebrio
784 1169 874 1228 populo
886 1170 939 1215 Lex
950 1168 1058 1215 daretur.
1071 1169 1156 1228 ltaque
1167 1168 1240 1216 tabu·

148 1237 221 1284 ciliis.
229 1237 376 1295 l'uititaque
385 1235 491 1285 ebrietas
499 1237 566 1296 erige
577 1237 679 1299 incesti,
706 1235 741 1283 las
766 1236 854 1297 Legis,
872 1249 933 1296 quas
953 1237 1050 1297 accepit
1074 1235 1238 1297 abstinentia,

147 1305 261 1365 pessimae
272 1304 431 1364 generatricis
438 1306 522 1365 partus
532 1305 649 1355 deterior.
706 1306 799 1352 conteri
810 1305 870 1353 feeit
882 1305 998 1354 ebrietas.

155 1370 158 1378 “
179 1376 218 1422 15.
230 1376 260 1422 At
269 1387 318 1421 non
330 1375 451 1421 Abrabam
461 1375 519 1423 vina
531 1377 557 1422 in
568 1389 611 1423 sue
622 1390 680 1424 con·
736 1373 774 1419 ll.
783 1373 847 1431 Quid
858 1385 917 1420 vero
928 1374 976 1420 alia
986 1371 1085 1421 dicam?
1094 1374 1178 1421 Nonne
1188 1373 1237 1443 ste·

147 1445 217 1492 vlvio
227 1443 381 1492 ministrabat
392 1457 399 1489 ε
410 1444 453 1491 sed
461 1444 603 1501 immolabat
612 1447 680 1494 vitu.
704 1440 823 1489 uilitatem
831 1442 916 1489 matris
922 1442 1022 1489 Samson
1028 1441 1080 1489 vini
1089 1440 1236 1490 abstinentia

147 1514 216 1572 lum,
234 1513 366 1574 butyrum,
384 1513 410 1560 et
428 1514 466 1560 lac
485 1513 563 1560 etiam
581 1516 679 1574 Angelis
704 1509 869 1570 foecundavit,
881 1512 907 1558 et
917 1511 1055 1570 parientem
1065 1510 1125 1559 lecit
1136 1523 1169 1558 ex
1186 1513 1237 1559 ste·

147 1582 286 1641 bospitdrus
302 1581 445 1638 exhibebat.
457 1582 517 1628 coeli
531 1583 677 1644 Dominum,
703 1578 886 1636 riliiQuoniam
898 1580 969 1638 Juxta
979 1579 1130 1639 praeceptum
1137 1579 1235 1626 Domini

146 1651 234 1698 mundi
258 1651 405 1710 agnoscebat
424 1652 550 1698 auctorem
567 1665 574 1698 ε
590 1653 678 1705 viuum
703 1646 788 1694 linunt
808 1660 858 1695 nen
878 1644 950 1696 bibit.
965 1650 1050 1718 Nonne
1070 1650 1166 1695 Annam
1186 1660 1237 1697 non

146 1722 231 1766 tamen
242 1719 361 1766 exhibere
372 1730 423 1766 nen
435 1719 539 1779 peterat.
549 1720 596 1767 Sed
609 1724 677 1769 recte
702 1716 891 1764 manducantem
912 1717 1041 1766 exaudivit
1062 1717 1194 1777 Dominus,
1210 1718 1237 1766 et

145 1788 199 1840 illie
217 1786 303 1846 deerat
319 1789 423 1835 materie
438 1789 551 1849 peccati,
565 1789 610 1836 ubi
625 1791 678 1838 erat
703 1785 916 1834 infoeeunditatem
935 1787 989 1846 eius
1011 1787 1106 1847 solvere
1125 1785 1240 1844 ieiunia?

145 1857 258 1905 remissio
268 1855 448 1916 peccaterum
703 1855 738 1899 Ex
749 1855 839 1913 quibus
855 1855 903 1902 duo
919 1858 1044 1917 generati,
1058 1868 1123 1903 unus
1132 1856 1237 1904 fortissi-

177 1924 215 1973 lt.
224 1925 336 1984 Denique
349 1925 504 1973 annuntiavit
515 1937 573 1973 eum
588 1925 679 1973 Jobnn-
703 1934 772 1980 mus,
781 1924 844 1970 alius
855 1924 1098 1984 observantissimus,
1113 1926 1198 1984 dignos
1209 1938 1235 1975 se

146 2007 191 2054 nes
209 2006 290 2054 neque
309 1993 459 2040 manducans
476 2005 579 2053 panem,
597 2007 678 2054 neque
703 1990 880 2050 praebuerunt,
899 1993 941 2050 qui
965 1993 1055 2049 ieiunii
1077 1995 1170 2052 premio
1191 1995 1235 2042 diu

145 2063 235 2111 bibens
247 2063 343 2111 vinum.
357 2061 405 2119 Qui
417 2061 484 2108 enim
498 2062 619 2109 Christum
635 2075 679 2109 au·
703 2055 761 2116 foti,
770 2059 796 2104 et
806 2059 911 2118 quedam
921 2058 1076 2108 abstinentiae
1087 2061 1156 2108 ellusi
1164 2061 1237 2110 utero

145 2133 257 2191 nuntiat,
276 2132 307 2179 ab
327 2131 396 2178 omni
414 2131 531 2179 vitiorum
552 2132 678 2182 incentivo
704 2126 855 2174 viderentur·
866 2128 935 2175 ldem
959 2129 1042 2189 itaque
1060 2129 1174 2189 Samson,
1192 2131 1235 2192 qui

145 2201 261 2261 praestare
274 2213 300 2247 se
312 2200 387 2248 debet
396 2199 514 2248 alienum.
526 2201 593 2249 Vicit
603 2201 678 2261 igitur
703 2194 787 2242 mairia
795 2196 926 2243 ⁵⁰ildeiai⁰
936 2200 1065 2256 &adeleida
1073 2198 1237 2260 est,allepby-

145 2273 255 2319 sanetum
274 2272 339 2330 Nee,
355 2271 396 2318 vel
417 2270 492 2318 etiam
512 2271 557 2318 Lot
575 2271 677 2319 nbrahae
702 2264 781 2310 lorum
802 2264 975 2314 insultantium
994 2265 1043 2314 sibi
1060 2266 1180 2316 ebrietate
1198 2267 1236 2317 est

145 2339 262 2399 nepotem
281 2337 517 2397 ebrietas,quorum
538 2338 601 2386 alter
620 2352 677 2386 curn
702 2332 851 2380 vindicatus.

144 2407 282 2466 jejunaret,
294 2406 389 2455 diluvio
403 2405 527 2467 superstes
542 2404 603 2466 luit,
615 2407 678 2456 ulter
733 2400 771 2448 l8.
793 2402 893 2450 illisaeus
913 2403 983 2452 netes
1002 2402 1046 2464 qui
1067 2403 1098 2452 de
1118 2404 1234 2465 magistro

144 2474 269 2523 incendio.
702 2469 823 2518 didicerat
838 2472 1030 2533 parcimeniam,
1042 2486 1098 2521 cum
1108 2473 1171 2522 filies
1182 2476 1236 2523 ale·

176 2545 214 2592 15.
229 2545 328 2605 Moysen
349 2556 447 2605 quoque
468 2544 624 2604 cognorimus
643 2545 678 2593 si·
702 2538 1235 2602 retpropbetarnm,vitisagrestisprumulis

146 2615 218 2662 tienti
243 2616 334 2674 popule
359 2613 534 2662 amaritudines
560 2626 677 2674 aquarum
701 2619 799 2655 merrsas
811 2610 940 2669 onerabat,
953 2611 978 2658 et
989 2610 1099 2671 ineptis*
1114 2613 1234 2660 silvestri-

143 2687 295 2745 temperasse
303 2718 310 2742 ,
319 2696 369 2732 non
381 2683 448 2731 vina.
458 2685 502 2730 Cui
512 2683 676 2744 petrasquam
701 2675 748 2723 bus
757 2677 1044 2738 oleribusbospitalitatis
1052 2681 1172 2739 implebat
1180 2680 1233 2727 old-

144 2752 345 2812 vomuit‚potuit
362 2753 387 2799 et
397 2753 451 2798 vini
464 2751 613 2799 abnndantia
628 2766 677 2801 nen
702 2745 776 2792 didm·
787 2747 894 2804 Qflffl'llm
903 2748 987 2795 odensi
1002 2749 1166 2796 amaritudine
1177 2760 1233 2795 enm

144 2822 240 2869 deesse.
253 2822 364 2881 lienique
383 2820 449 2868 dixit
463 2821 530 2880 Deus
541 2833 548 2867 ι
560 2824 677 2870 percuties
702 2816 848 2863 manducare
867 2828 916 2864 non
935 2820 1051 2877 possent,
1065 2818 1128 2864 levis
1148 2816 1233 2865 farine

141 2894 249 2953 perram,
261 2895 283 2939 ει
303 2893 364 2938 0qu
383 2904 446 2951 aqua
467 2903 498 2940 ep
518 2903 559 2948 ea,
574 2893 596 2937 et
618 2891 677 2939 piper
701 2881 857 2941 adspersione
879 2896 979 2932 omnem
999 2885 1068 2932 illam
1086 2881 1232 2932 amaritudi-

141 2960 251 3020 popnlm.
262 2959 314 3006 Non
324 2958 390 3006 dixit
401 2972 408 3004 ς
419 2957 492 3004 Exiet
502 2958 588 3005 vinum
600 2959 624 3004 in
635 2971 678 3018 po.
701 2962 760 3005 nem
775 2951 938 3011 temperavit,
952 2952 1108 3000 abstinentie
1125 2953 1233 3014 prophe.

144 3025 212 3088 pulo.
220 3027 388 3074 Periculosum
399 3026 465 3074 enim
476 3027 529 3074 erat
537 3027 624 3073 viuum
632 3040 677 3086 pe·
701 3017 757 3070 ticae
767 3031 871 3066 munere
882 3021 973 3069 veneni
982 3020 1048 3070 vires
1056 3033 1185 3070 evacuans.

144 3096 203 3157 pulo
224 3097 377 3156 ministrare,
393 3095 458 3156 qued
477 3094 590 3143 tortiores
609 3095 676 3149 terre
920 3120 1004 3132 —

144 3165 190 3222 vix
200 3164 308 3225 possent,
381 3233 454 3245 ....
863 3189 989 3242 CAPUT
1002 3191 1072 3242 Vll.

315 3301 442 3355 CAPUT
460 3302 514 3354 γι
702 3293 783 3336 'l'rlbns
795 3301 867 3347 pueris
881 3303 904 3337 in
914 3303 1024 3339 fornacem
1034 3301 1108 3348 Jejuno
1122 3299 1232 3339 slomncbe

722 3349 818 3396 inpressis
827 3351 921 3390 dammas
937 3353 1077 3401 refrigerium
1090 3353 1233 3399 admissam

145 3401 176 3444 De
185 3401 231 3451 lege
245 3401 323 3450 Jejunll
335 3412 348 3439 n
360 3401 432 3450 Moyse
447 3401 507 3449 dala,
515 3406 534 3440 el
551 3403 577 3448 de
593 3403 676 3451 ieiunio
723 3401 793 3439 leones
807 3404 871 3441 etiam
880 3405 980 3452 ieiunare
992 3404 1083 3444 Danielis
1095 3403 1177 3443 edoctos
1191 3414 1232 3444 essa

167 3456 268 3502 ejusdem.
278 3455 391 3506 Quomodo
401 3460 499 3493 malrum
509 3457 594 3495 Samson
604 3462 624 3495 et
635 3458 676 3496 Sa·
722 3455 811 3503 jejunio.

167 3510 246 3548 muelis
253 3510 386 3548 sterilitatem
399 3509 525 3546 abstinentia
533 3511 578 3547 vini
590 3511 676 3548 seecun-

168 3559 676 3610 uas-erinquibusquedbnnuseusnuospro·
731 3542 769 3589 19.
789 3544 838 3590 Esu
858 3544 970 3602 quaedam
988 3545 1105 3592 creaturae
1123 3545 1241 3605 uadum,¹

167 3614 281 3662 puetarum
290 3614 383 3653 aluerit?
700 3623 773 3670 quam
792 3612 928 3663 amiantum
946 3615 1048 3674 vocant,
1064 3616 1133 3664 nulle
1152 3615 1231 3666 laeilis

176 3701 215 3748 l6.
225 3703 344 3761 Demque
350 3701 445 3761 Moyses
453 3701 484 3749 de
491 3701 675 3762 iejuniolegem
699 3691 752 3757 ’ἕω
760 3692 874 3760 ,⁰⁰‚¹¹⁸¹¹¹¹¹¹
883 3695 890 3727 ²
900 3696 953 3742 ‘1¹¹ae
962 3682 1074 3744 immid
1081 3683 1142 3733 f⁰⁰i⁸
1150 3686 1230 3747 idne-⁸·

144 3771 223 3829 dedit,
229 3770 260 3817 de
268 3771 327 3818 vino
337 3782 388 3818 nen
398 3769 477 3819 dedii.
487 3762 569 3830 Ipsum
577 3783 675 3832 quoqne
700 3749 747 3806 “ia
759 3749 826 3796 ¹¹¹¹⁰⁰
835 3750 933 3830 sublata
948 3752 979 3800 (¹0
994 3752 1093 3806 stimma
1107 3754 1230 3816 tamquam

142 3840 299 3899 jejunantem
309 3850 438 3888 nomes
448 3852 555 3901 mam,
567 3853 616 3887 non
626 3839 675 3889 ful,
699 3826 818 3894 aquarum
833 3817 955 3869 inlusione
972 3821 1065 3871 munda
1079 3823 1229 3883 resplendet.

144 3920 205 3968 gum
219 3909 247 3955 et
261 3910 340 3956 nubes
351 3908 475 3969 nimbosa,
489 3921 539 3956 nou
554 3908 676 3969 fumigans
700 3883 768 3931 l'alra
779 3886 852 3933 erant
862 3888 1021 3938 llebraeorum
1031 3903 1131 3951 corpora
1142 3901 1231 3950 puere-

144 3977 204 4055 Sina
218 3976 362 4038 perterruit.
373 3977 458 4038 Neque
475 3990 535 4056 vero
553 3978 675 4057 introisset
703 3970 1231 4060 m

145 4044 491 4107 qnnubem,ctveeemlle1
506 4046 628 4108 loquentis
644 4045 675 4095 de
700 4060 788 4101 deenen.
