2752 4806
457 430 499 480 uu
513 433 598 481 curu
616 436 657 481 nr
674 436 761 480 nanu
779 433 880 483 nunna
892 439 930 499 nr.
1193 436 1239 489 113

154 514 250 575 lnquit,
269 516 337 578 aestui
351 515 390 562 via·
403 514 540 578 decapolim·
561 531 592 565 ne
614 518 684 577 cujus
713 521 899 579 exasperantur.
913 520 941 567 ut
952 514 1008 567 id'eo
1018 522 1123 580 appositi
1133 525 1189 572 sunt
1199 515 1238 572 ar'·

102 612 108 617 -
155 596 221 630 saeva
237 579 396 643 insusurratio
415 583 484 631 rudis
498 585 557 633 fidei
575 587 684 647 tentaret
710 590 840 647 mentarii,
856 589 991 649 opiliones,
1006 583 1137 650 caeterique
1151 594 1237 652 pasto·

154 650 293 712 infantiam.
304 646 437 699 linsculina
449 653 525 712 igitur
535 654 682 721 generabat,
710 669 761 717 res,
770 658 868 719 quidam
877 658 985 716 magistri
996 670 1096 717 gregum
1104 653 1183 707 crucia
1193 658 1236 710 sua

154 718 198 776 qui
216 720 249 767 in.
260 719 342 767 vimus
356 719 494 780 perfectum
509 723 612 780 populos
622 735 683 782 quos
709 725 984 786 singulisanimautinm
994 726 1042 773 sibi
1053 728 1236 776 commissorum

154 783 271 844 docebat,
291 785 349 834 fidei
373 787 495 847 gestiebat
513 789 608 836 unitate
624 801 682 835 eon·
709 793 849 843 conditione
867 796 1009 843 formantes,

155 864 269 914 currere,
285 854 348 902 etin
363 855 489 914 agnitione
501 856 558 902 lilii
568 857 614 904 Dei
624 870 682 916 per·
738 856 873 910 invidetur
879 876 936 924 ergo
942 866 967 911 et
976 876 1091 912 sensuum
1102 864 1238 912 nostrorum

153 918 243 968 tectam
252 921 413 981 plenitudinis
420 922 510 970 Christi
517 923 602 970 tenere
613 935 683 970 men·
709 930 829 989 quoddam
841 944 917 990 genus
927 933 996 979 aliud
1006 931 1126 979 domitum
1134 933 1160 979 et
1167 945 1238 979 nnan-

153 1001 242 1037 suram.
252 991 374 1039 flocellim
379 991 681 1052 sacrificiumacceptabilo
710 1000 822 1046 suetum:
834 1000 902 1046 aliud
914 1000 1060 1048 indomitum
1067 1002 1132 1060 quod
1140 1013 1239 1047 armen.

152 1058 204 1106 lieo
215 1059 372 1120 noverat,.de
383 1072 432 1119 quo
445 1062 564 1120 scripturn
576 1062 631 1107 est:
643 1064 683 1109 Se·
710 1067 885 1127 tarioquodam
893 1070 963 1116 motu
971 1070 1062 1116 mentis
1072 1069 1143 1117 velut
1153 1069 1238 1117 deside

135 1173 136 1178 ,
149 1129 247 1190 parutis
258 1131 325 1177 oniae
335 1132 395 1190 qood
403 1133 478 1189 operit
489 1131 581 1175 volvam
591 1142 682 1176 moscu-
710 1135 783 1193 atque
791 1137 897 1184 resoluto
907 1139 1008 1198 proruat
1016 1139 1047 1184 ad
1056 1138 1241 1187 irrationabiles

150 1199 239 1256 lissum,
256 1201 366 1246 Domino.
382 1197 411 1243 et
425 1197 468 1256 qui
483 1196 597 1244 addidit:
611 1198 683 1245 Oetae
711 1197 886 1252 delectationes
897 1206 1018 1265 corporis:
1028 1207 1239 1270 mansuetumau-

149 1269 212 1326 quod
222 1269 298 1326 aperit
309 1267 402 1313 vultam
412 1267 438 1312 dt
448 1266 560 1312 armtt‘tt
574 1267 597 1312 tt
606 1267 633 1311 dt
642 1279 683 1324 pe·
710 1273 963 1337 temquodvelutduci
970 1274 1066 1323 cuidam
1076 1276 1236 1324 moderationi

149 1336 243 1383 mribus
253 1348 305 1395 qooe
314 1337 369 1382 eunt
380 1334 422 1381 tibi
431 1335 601 1390 masculinum>
615 1335 682 1380 smtc'-
708 1343 799 1389 mentis
807 1355 833 1389 se
843 1345 957 1400 subjiciat
965 1348 990 1392 et
1001 1344 1097 1392 subdat.
1107 1345 1243 1402 Quacum-¹

150 1404 216 1462 tilica
230 1405 345 1463 Domino,
359 1413 391 1449 ue
402 1401 462 1460 quid
472 1401 626 1448 obscuritatis
636 1401 681 1447 ba·
707 1422 756 1469 que
768 1423 824 1469 ergo
830 1411 884 1469 ejus
893 1411 987 1458 naturae
999 1413 1129 1472 reguntur,
1139 1425 1167 1460 ea
1178 1416 1236 1462 sunt

151 1471 226 1530 beat,
238 1472 427 1519 consideremus.
708 1478 841 1538 masculina
851 1479 925 1539 atque
936 1479 1044 1537 perfecta
1055 1493 1062 1526 ε
1074 1493 1235 1542 qnaecumquo

180 1538 205 1586 5.
217 1539 320 1586 Dixerat
336 1539 367 1585 de
384 1537 562 1598 principalibus
577 1549 679 1595 genera-
706 1546 788 1592 antem
798 1545 851 1593 sine
862 1547 923 1593 duee
937 1547 990 1593 ullo
1003 1548 1101 1606 plebeia
1116 1561 1235 1608 praesum·

148 1607 271 1667 tionibus,
283 1609 328 1655 hoc
345 1607 396 1667 est,
406 1608 488 1667 plenis
499 1607 678 1666 capacibusque
707 1611 773 1659 tione
790 1612 896 1672 quadam
913 1613 1082 1675 dominantur,
1093 1616 1161 1662 velut
1172 1616 1234 1663 civi·
1271 1654 1275 1659 .

148 1675 252 1725 rationis
263 1690 270 1723 ε
282 1677 376 1724 addidit
386 1676 412 1723 et
425 1675 455 1722 de
469 1675 621 1734 gregalibus,
631 1675 678 1722 boo
705 1679 762 1727 tatis
777 1681 882 1739 alicujus
895 1694 950 1740 quae
964 1683 1028 1740 regis
1040 1682 1234 1743 optimatumque
1329 1739 1339 1749 p

150 1746 201 1804 est,
219 1746 322 1805 reliquis
340 1745 409 1792 velut
426 1744 531 1804 plebeiis
551 1744 677 1804 sensibus,
705 1749 805 1796 consilio
815 1750 911 1809 privata
919 1749 965 1808 sit,
977 1750 1011 1796 ita
1020 1751 1128 1809 corporis
1136 1751 1174 1798 sui
1183 1764 1235 1798 om·

149 1814 193 1873 qui
204 1812 385 1861 irrationalibus
395 1814 567 1872 comparantur
577 1812 678 1870 iumen·
705 1828 762 1862 nem
773 1818 863 1866 statum
872 1820 898 1866 et
908 1818 1010 1866 virilem
1020 1820 1131 1878 vigorem
1141 1821 1233 1868 mulie-

149 1881 190 1928 tis.
206 1883 267 1939 Quae,
279 1883 362 1929 tamen
380 1892 436 1928 eum
452 1880 576 1935 erectore
596 1881 677 1940 aliquo
705 1882 743 1930 bri
752 1886 857 1944 quadam
865 1886 1023 1933 dissolutione
1034 1887 1185 1936 effeminant.
1196 1889 1232 1936 lix

149 1951 330 2010 gubernantur,
351 1950 424 1997 iaeile
444 1951 633 2008 mansuescunt;
652 1951 678 1996 et
705 1951 744 1998 bis
754 1953 798 1999 illa
810 1955 853 2000 lex
864 1955 944 2000 carnis
956 1954 1006 2011 est,
1018 1967 1072 2012 quae
1082 1956 1163 2015 legem
1176 1969 1234 2015 apo·

148 2020 269 2079 imperata
287 2019 391 2078 exequi,
408 2021 434 2066 et
447 2019 534 2077 jugum
544 2019 642 2077 subire,
653 2020 678 2066 et
705 2020 796 2080 stolicae
816 2020 906 2080 ruentis
927 2020 1093 2084 impugnans,
1111 2023 1233 2080 captivam

149 2088 181 2135 ad
191 2101 277 2136 vocem
290 2087 400 2147 magistri
412 2088 549 2134 accelerare
560 2087 677 2147 gradum,
704 2087 819 2134 tradebat
831 2087 885 2134 ea'm
899 2087 1003 2149 quadam
1018 2088 1071 2144 lege
1086 2088 1189 2147 peccati.
1204 2090 1234 2136 Et

149 2158 193 2205 aut
207 2158 307 2216 sistere,
323 2157 366 2204 aut
381 2155 528 2215 detlectere,
543 2157 586 2203 aut
596 2157 677 2216 aliqua
705 2154 760 2202 ideo
770 2155 798 2203 ut
812 2155 842 2203 de
853 2155 896 2202 illo
906 2155 992 2202 mortis
1004 2167 1105 2214 conpore
1115 2155 1234 2204 liberare-

148 2229 232 2276 munia
242 2228 280 2275 sui
288 2226 563 2286 operisquaeJubentur,
571 2227 676 2274 hmnano
704 2223 757 2284 tur,
770 2238 838 2285 spem
853 2238 922 2273 suam
937 2227 1026 2272 Paulus
1036 2237 1134 2272 onmem
1145 2238 1194 2273 non
1206 2227 1232 2273 iu

147 2298 253 2358 quodam
271 2292 389 2343 famulatu
407 2295 475 2341 obire
486 2297 674 2343 consueverunt.
703 2306 746 2340 sna
758 2295 867 2352 virtute,
879 2295 922 2341 sed
934 2295 960 2340 in
971 2294 1060 2341 Christi
1072 2294 1149 2352 gratia
1160 2306 1233 2352 repo-

147 2369 251 2415 'l'antum
261 2364 471 2422 raletinstitutlo,
480 2366 508 2411 ut
516 2365 598 2411 vincat
605 2367 677 2412 natu·
703 2363 787 2409 nebat.
798 2364 868 2410 Unde
878 2363 957 2422 liquet
969 2363 1034 2420 quod
1041 2361 1080 2409 hae
1090 2364 1233 2428 commotio·

147 2435 303 2496 uamtltaque
315 2435 357 2481 illa
366 2429 421 2492 ‘qn'ae
430 2432 578 2479 consortium
589 2433 676 2479 nostrae
704 2442 747 2477 nes
757 2445 811 2492 qnae
826 2430 958 2478 secundum
970 2431 1050 2489 legem
1061 2430 1151 2497 mentis
1161 2432 1231 2490 sunt,

133 2544 134 2548 ,
147 2505 290 2554 substantiae
307 2515 356 2549 non
371 2499 479 2557 habent,
495 2501 629 2559 agnoscunt
640 2499 677 2546 ta·
704 2511 736 2545 ex
747 2500 831 2546 divino
843 2499 926 2546 favore
936 2499 1087 2558 procedunt,
1096 2497 1139 2544 alii
1147 2498 1231 2546 autem

146 2588 206 2622 men
224 2574 313 2621 nostrae
330 2570 398 2618 vocis
413 2569 567 2627 imperium:
584 2569 610 2616 et
621 2584 677 2619 cum
703 2578 787 2615 seusus
799 2581 830 2615 ex
841 2567 968 2627 voluptate
980 2571 1103 2627 corporea.

143 2648 197 2693 suae
207 2642 300 2688 naturae
315 2639 408 2684 nullam
421 2636 540 2683 rationem
556 2638 675 2703 habeant,
733 2636 756 2682 5·
768 2638 811 2683 llla
822 2636 898 2696 igitur
908 2648 962 2695 quas
970 2638 1052 2682 sancta
1063 2637 1132 2696 sunt,
1143 2637 1232 2696 primi-

143 2710 236 2761 nostre
244 2707 365 2755 rationem
375 2705 552 2765 capessunt,et
561 2709 676 2766 quodam·
702 2706 754 2752 tiva
762 2705 818 2752 sunt
825 2704 1154 2752 nostrorumsensunmtista
1163 2705 1233 2752 velut

145 2779 220 2828 modo
235 2775 380 2824 transfusam
395 2772 534 2830 acquirunt.
549 2776 629 2833 Equos
639 2778 677 2825 ni·
703 2773 733 2819 de
745 2773 850 2831 quodam
862 2784 935 2830 grege
944 2775 1017 2829 sum,
1029 2771 1055 2817 et
1065 2771 1160 2818 vilitate
1176 2773 1232 2830 ple-

146 2839 500 2905 demuspopularibuslncitari
509 2841 677 2904 studiis,‘gau·
703 2840 758 2887 beia
770 2854 777 2886 :
789 2851 844 2899 quaa
857 2840 925 2886 varia
939 2838 1039 2886 videtur
1048 2840 1141 2898 Moyses
1151 2839 1231 2887 nomi-

147 2917 208 2964 dcre
232 2910 376 2972 plausibus,
404 2906 530 2954 blanditiis
558 2908 676 2959 delectari
702 2909 775 2956 nibus
795 2907 943 2966 significasse
964 2906 1076 2954 diversis.
1095 2907 1144 2953 lloc
1163 2908 1230 2954 enim

146 2981 266 3043 magistri.
283 2981 373 3025 Torvus
390 2973 476 3023 leones
495 2976 617 3025 cernimus
633 2974 676 3026 na·¹
703 2978 809 3026 declarat
817 2976 1003 3039 etiamillaarea
1011 2975 1230 3036 legismystica,de

147 3052 253 3101 turalem
278 3046 403 3094 feritatem
428 3044 549 3103 inperata
577 3047 674 3096 mutare
701 3060 749 3105 qua
760 3047 795 3093 ait
808 3059 815 3091 ε
827 3047 898 3093 Initia
910 3042 971 3092 areo‘r
982 3047 1027 3091 tnae
1036 3046 1057 3092 ol
1067 3044 1176 3093 institui
1182 3048 1230 3106 nost

146 3116 349 3173 marnsuetudine,
361 3125 429 3161 stram
439 3111 533 3159 rabiem
541 3113 673 3175 deponere,
700 3117 825 3164 novissimo
837 3115 916 3173 facies.
928 3115 1052 3160 Primitiae
1065 3115 1166 3172 {iliorum
1178 3119 1230 3163 too*

146 3189 332 3240 nostrosmores
343 3182 549 3240 sumere3etcum
562 3184 612 3230 sint
626 3185 673 3244 ipsi
700 3199 753 3241 rum
770 3185 836 3232 dabis
854 3184 920 3230 milti.
942 3181 1037 3229 Sanctae
1054 3183 1231 3231 commotiones

144 3252 392 3313 terribiles,diseunt
405 3251 502 3297 timere.
518 3252 675 3301 caediturca-
701 3263 817 3300 sensuum
841 3253 994 3309 nostrorum,
1012 3263 1067 3311 qnae
1093 3253 1228 3300 secundum

146 3327 238 3388 nis,ut
247 3321 360 3384 pavescat
372 3322 412 3367 leo
424 3333 431 3365 :
443 3319 521 3378 etqui
533 3333 575 3366 sua
584 3322 674 3380 iniuria
701 3322 806 3367 uirtutes
817 3321 885 3377 sunt,
898 3319 957 3378 ipsa
968 3321 1024 3365 sunt
1035 3319 1154 3377 primitiae
1165 3332 1229 3369 areas

144 3395 319 3456 exasperatur,
328 3391 454 3438 coercetur
462 3388 675 3447 aliena,alterius-
700 3389 821 3449 spiriialis
832 3401 839 3432 τ
849 3389 979 3447 propterea
992 3387 1066 3432 etiam
1077 3387 1153 3433 rurali
1165 3399 1229 3435 arear

112 3500 113 3504 ,
144 3479 194 3530 que
213 3461 327 3519 exemplo
337 3457 465 3516 inungitur.
480 3456 581 3513 Quoties
591 3460 674 3514 parata
701 3456 886 3515 comparantur,
901 3453 928 3499 in
944 3465 992 3511 qua
1007 3451 1160 3498 ventilantur
1176 3453 1229 3513 iru-

144 3535 228 3600 praeda
239 3532 264 3579 et
272 3530 326 3578 cibo
336 3525 408 3573 obvio
419 3524 507 3570 tamem
520 3525 616 3583 perpeti
624 3528 675 3573 ma-
700 3525 791 3570 menta.
810 3523 880 3568 Sient
895 3520 963 3567 enim
978 3519 1004 3565 in
1019 3519 1065 3565 hae
1080 3521 1156 3566 rurali
1171 3521 1230 3570 area¹

145 3604 213 3663 lunt,
224 3601 281 3648 dum
292 3597 408 3644 olieusam
421 3590 530 3650 magistri
541 3592 675 3639 verentur?
701 3590 827 3636 excutitur
837 3587 948 3634 triticum
965 3586 1039 3644 atque
1057 3586 1190 3648 hordeum,
1203 3591 1231 3638 et

144 3670 245 3732 Quoties
255 3664 385 3726 repentino
399 3659 498 3720 impulsi
512 3659 581 3705 motu
591 3661 675 3719 aperta
701 3656 761 3704 dum
769 3656 860 3716 saepius
866 3655 1015 3713 ventilatur,
1025 3656 1175 3715 separatura
1186 3671 1231 3717 pa-

144 3741 177 3790 nd
185 3749 279 3786 morsus
290 3745 331 3780 ora
340 3731 401 3792 jussi
412 3725 556 3777 resolvunt?
567 3728 603 3774 lta
616 3728 674 3775 dum
700 3725 760 3783 leis3
773 3724 830 3784 quia
839 3723 916 3783 paleae
925 3721 1061 3782 caeteraque
1068 3727 1229 3782 purgamenta

143 3797 547 3857 nostraevoluntatiobsequuntur,
557 3796 675 3843 suaeobli-
701 3793 786 3842 messis
802 3793 828 3839 in
844 3791 969 3840 diversum
984 3791 1049 3840 levis
1066 3802 1131 3840 aurae
1147 3793 1237 3851 spira·.

142 3874 281 3924 viscantur.
302 3869 354 3916 lton
374 3866 409 3913 ita
424 3865 473 3912 illae
488 3863 558 3923 ieras,
574 3864 615 3911 vel
631 3865 674 3911 illa
699 3863 767 3910 mine
784 3860 947 3920 dissipantur3
963 3859 1008 3906 illa
1022 3872 1081 3907 vero
1097 3872 1153 3919 quae
1169 3861 1228 3907 soli·
1303 3917 1310 3932 .

142 3940 256 3992 armenta
267 3946 399 3997 equorum,
412 3932 452 3981 vel
463 3944 539 3991 genus
549 3945 621 3980 omne
631 3945 675 3993 pe·
699 3932 768 3980 diora
779 3930 849 3989 sunt,
865 3929 892 3977 in
907 3930 988 3977 locum
999 3928 1114 3977 eumdem
1125 3939 1228 3974 excusso

142 4011 311 4068 endum,quae
319 4004 372 4052 sine
383 4002 602 4061 rectoreragautur
609 4002 673 4059 ullo,
699 4003 801 4060 pulvere
817 4000 983 4047 relabuntur:
1000 3997 1035 4043 ita
1050 3993 1227 4072 cogitationum

142 4077 170 4127 et
178 4071 378 4126 omuidemitnris
386 4071 550 4137 gubernaculo
558 4070 674 4118 destituta
698 4069 835 4117 nostrarum
844 4067 926 4126 tanges
934 4065 1054 4127 quaeunt
1062 4061 1146 4109 solrdae
1155 4061 1227 4119 atquo
