2752 4806
266 460 268 465 ·
353 451 394 495 bn
413 452 520 499 JACOB
538 450 580 498 ΕΤ
593 450 678 500 vl'rd
697 455 808 502 nunni
825 459 927 504 nlnnn
945 461 978 505 11.
1149 457 1196 511 823

118 526 242 589 luraquam
259 529 290 578 ad
304 531 493 581 immortalitatis
510 535 593 591 viam,
609 535 644 583 ita
670 536 809 586 lumborum
825 552 966 600 murmura,
977 541 1006 589 ut
1021 542 1107 591 ultima
1117 545 1196 592 rerba

117 596 149 641 ad
159 598 262 646 mortem
271 611 316 658 por
327 601 414 648 acerba
424 602 545 661 supplicia
556 615 645 652 cueur-
670 606 828 654 morientium
838 621 894 655 cum
909 621 1004 657 summa
1019 611 1140 660 suavitate
1154 625 1194 662 re·

116 665 219 724 rorunl3
229 668 254 714 et
265 669 342 715 mater
352 680 456 716 consona
467 682 571 718 cernens
581 671 643 718 lilio-
669 674 793 722 sonabant.
804 677 853 723 Nec
864 676 900 724 sic
914 678 973 725 luna
982 677 1048 726 inter
1058 679 1141 727 stellas
1152 693 1192 729 re

116 743 172 778 rum
185 735 295 795 agmina,
310 737 436 797 tamquam
450 738 493 798 pla
511 739 592 786 aalma
605 741 642 787 sui
669 740 762 801 fulget,
778 745 806 790 ut
824 745 890 792 inter
907 746 970 794 lilios
989 747 1082 806 mater,
1101 747 1194 796 etcum

115 802 226 850 rnembra
238 805 345 863 corporIs
360 805 384 850 in
399 805 458 852 tiliis
468 805 601 865 alterabat,
618 809 643 854 et
668 810 747 857 eosad
757 813 901 871 martyrium
911 813 1079 861 illuminatura
1087 813 1196 862 deduce·

114 872 233 950 perardus
244 875 354 932 proprios
361 873 492 923 videbatur
502 874 550 922 sibi
558 875 642 925 votiva
667 879 718 938 ret,
730 879 882 940 refulgebat,
893 882 918 929 ct
929 894 984 929 eum
994 881 1135 941 amplexata
1143 881 1195 932 uio·

115 938 198 987 subire
207 942 335 990 tormenta.
666 946 861 997 toresinmedio
871 950 976 998 liliorum
983 949 1087 1009 iaceret.

145 1006 183 1054 55.
195 1009 319 1057 Cadebaut
335 1008 380 1057 lilii
397 1008 526 1057 tormentis
541 1013 642 1058 exulce-
673 1037 675 1040 >
696 1013 735 1061 oc.
748 1016 837 1063 orara
853 1018 932 1064 mater
947 1017 1075 1064 adamante
1093 1015 1193 1075 fortior,

113 1073 175 1133 rati,
184 1076 274 1124 mortui
284 1090 358 1138 super
365 1079 472 1125 mortuos
479 1078 641 1126 advolveban-
666 1083 740 1130 melle
748 1083 856 1141 dulcior,
868 1084 928 1133 llore
938 1083 1112 1145 fragrantior*l
1124 1096 1138 1130 o
1154 1084 1195 1131 in·

113 1142 167 1203 tur,
178 1156 278 1204 corpora
295 1159 369 1206 super
383 1150 483 1206 corpora
496 1147 641 1211 volutaban·
666 1150 808 1199 dissolubile
827 1152 926 1211 pietatis
945 1151 1085 1199 vinculum!
1104 1163 1119 1197 o
1135 1162 1198 1199 vere·

113 1214 171 1271 tur,
182 1215 263 1274 capita
274 1227 348 1272 super
362 1216 443 1275 capita
453 1217 639 1263 exsecabantur.
666 1219 747 1265 valida
765 1220 854 1268 caritas
871 1220 936 1268 siout
954 1233 1019 1267 mors
1037 1221 1113 1280 dura,
1130 1221 1194 1267 sicut

113 1281 227 1328 lteiertus
245 1285 297 1329 erat
312 1280 382 1329 locus
400 1283 560 1331 cadaveribus
578 1283 641 1330 lilio·
666 1286 739 1334 inferi
755 1289 823 1336 zelus
834 1289 971 1337 devotionis
990 1301 1018 1336 ac
1032 1288 1101 1337 fidei.
1122 1288 1196 1336 Nulla

113 1361 183 1409 rum,
203 1361 253 1398 non
265 1351 334 1398 llevit
345 1352 436 1409 mater,
447 1363 497 1398 non
508 1352 640 1400 lamentata
666 1355 789 1402 tantarum
801 1355 895 1404 diluvia
909 1356 1049 1415 passionum
1062 1357 1130 1403 tuam
1148 1367 1193 1416 po·

113 1419 165 1476 cst,
176 1431 225 1466 non
235 1422 318 1467 oculos
328 1421 472 1480 cuiusquam
482 1423 586 1480 pressit,
598 1423 642 1470 aul
665 1424 766 1470 luerunt
793 1424 920 1471 caritatem
947 1424 1079 1472 excludere
1093 1455 1101 1483 ,
1124 1424 1192 1471 nulla

113 1489 638 1550 oramorientisclauslt,nonlavitvulncra,
665 1493 783 1541 inundare
800 1505 854 1540 eam
866 1492 968 1540 flumina
983 1492 1106 1540 tantarum
1123 1503 1193 1540 acer-

112 1555 193 1603 scieus
202 1558 354 1617 gloriosiores
363 1570 430 1614 csse,
442 1557 462 1604 si
473 1558 603 1606 eviscerati
614 1561 639 1606 et
664 1559 776 1606 bitatum.
788 1559 857 1607 Sicut
867 1571 923 1606 arca
934 1559 963 1605 in
973 1557 1016 1606 illo
1028 1558 1115 1606 muudi
1126 1557 1193 1604 dilu·
1228 1602 1235 1607 .

113 1625 223 1673 concreti
240 1625 332 1686 pariter
352 1627 454 1686 pulvere
476 1627 502 1672 et
520 1626 638 1685 sauguine
663 1627 704 1674 vio
715 1628 790 1684 totius
800 1628 866 1675 orbis
879 1627 964 1687 spatiis
977 1627 1083 1674 innocua
1094 1626 1193 1674 fereba-

112 1693 263 1753 viderentur,
269 1696 353 1755 quales
359 1696 436 1742 solent
443 1695 473 1741 de
481 1694 547 1741 bello
555 1695 637 1743 redire
663 1695 704 1743 tur
714 1709 720 1742 ε
730 1696 765 1743 ila
776 1698 802 1745 et
812 1697 840 1744 tu
850 1696 966 1745 adversus
974 1695 1064 1743 fluctus
1075 1696 1126 1742 lam
1136 1706 1197 1755 gra·

111 1761 229 1822 victores,
240 1765 325 1824 quales
336 1763 415 1811 solent
425 1763 533 1822 trophaea
542 1775 575 1809 ex
583 1763 638 1810 hos·
663 1765 732 1811 vium
742 1765 880 1824 passionum
890 1763 984 1823 pietate
1001 1762 1136 1810 immobilis
1149 1775 1192 1810 rc·

110 1829 178 1877 tibus
188 1835 321 1892 reportare.
332 1833 384 1878 Non
395 1830 582 1890 superjacienda
593 1842 639 1879 ve·
663 1832 763 1893 adiisti,
775 1833 801 1881 et
812 1846 868 1880 cum
878 1843 962 1893 possea
969 1830 1073 1880 salutem
1084 1830 1190 1879 liliorum

110 1898 219 1957 lamina,
236 1911 286 1945 nou
304 1899 485 1958 prosequendas
503 1900 637 1958 exequias,
664 1900 889 1960 eligere,noluisti.
1121 1908 1123 1912 ’

110 1967 160 2013 nisi
171 1981 220 2015 suae
230 1981 326 2028 quoque
337 1967 455 2015 comitatu
472 1966 557 2013 mortis
572 1968 639 2014 arbi·
694 1967 733 2012 bd.
746 1968 798 2023 Quo
809 1967 899 2013 affectu
908 1979 952 2013 vos
958 1977 1093 2026 prosequar
1099 1967 1190 2015 sauma

110 2037 174 2084 trata
191 2038 236 2085 est.
247 2038 307 2095 Quae
318 2037 411 2084 cithara
421 2035 543 2083 dulciores
553 2036 639 2084 ederet
664 2033 749 2080 matris
759 2035 799 2093 pia
809 2032 925 2092 pignora?
935 2034 988 2090 Quo
1006 2033 1123 2092 penicillo
1140 2046 1190 2080 ser·

111 2103 209 2166 cantus,
229 2118 302 2166 quarn
321 2105 454 2152 morientes
475 2104 521 2150 lilii
540 2104 567 2150 in
588 2104 637 2151 tam
663 2101 742 2147 monis
758 2100 809 2147 mei
821 2100 958 2149 describam
973 2099 1191 2165 formassestraset

109 2173 226 2233 gravibus
244 2173 371 2234 suppliciis
390 2170 535 2220 ediderunt!
551 2174 638 2219 Erum·
663 2171 800 2219 animarum
808 2168 1191 2218 similitudinemlStetistisinler

110 2242 185 2308 pellat
195 2242 261 2290 euim
271 2244 366 2290 naturae
375 2240 497 2300 gemitus,
509 2240 584 2288 etiam
597 2241 638 2287 in·
663 2239 787 2287 exercitus
796 2239 890 2297 regios,
898 2237 988 2298 quibus
996 2237 1062 2295 totus
1069 2235 1117 2282 luit
1124 2235 1190 2282 orbis

111 2311 178 2359 vitis.
189 2311 317 2371 Spectarcs
329 2309 495 2370 perordinem
512 2310 638 2369 peremto·
663 2308 782 2354 terrarum
796 2298 927 2365 subaclus,
939 2317 999 2365 quos
1009 2304 1078 2362 india
1091 2315 1195 2363 quoque

109 2389 166 2424 rum
190 2379 309 2427 cadavera
330 2379 395 2425 sicut
414 2377 455 2424 iila
475 2377 636 2438 chordarum,
663 2374 689 2421 in
701 2373 808 2422 extremi
817 2373 891 2420 maris
902 2372 997 2420 secreta
1008 2370 1188 2430 refugiensnon

110 2446 208 2494 audires
216 2447 392 2507 heptacordum
398 2444 542 2505 psalterium
549 2444 638 2491 trium·
656 2440 810 2499 declinari&
820 2442 846 2488 ct
855 2440 900 2487 soli
911 2440 942 2488 dc
952 2452 1010 2499 rege
1019 2440 1125 2498 superbo
1135 2438 1187 2486 sinc

110 2515 224 2591 pbalibus
240 2515 372 2576 gemitibus
390 2513 518 2561 resultare.
530 2513 581 2558 Nou
601 2513 636 2559 sic
663 2510 752 2556 bellico
763 2509 879 2556 conflictu
894 2508 1022 2556 victoriam
1036 2505 1186 2569 reportaslis.

110 2582 249 2630 illecebrosi
267 2583 321 2643 illi,
337 2586 365 2629 ut
381 2580 463 2639 aiunt,
474 2580 559 2626 cantus
571 2579 637 2628 Siro-
662 2578 779 2626 Viceruul
794 2578 820 2624 in
838 2577 908 2625 robis
926 2578 978 2626 sola
989 2589 1056 2624 arma
1068 2574 1168 2635 pietatis
1178 2586 1195 2622 r⁴

109 2663 196 2699 narum
202 2650 359 2698 adtraherent
364 2650 518 2697 audientem:
526 2649 564 2696 illi
570 2650 637 2696 enirn
662 2647 730 2694 dedit
740 2657 824 2705 poenas
835 2646 969 2706 tyrannus,
981 2645 1006 2692 et
1016 2644 1074 2704 quia
1084 2655 1128 2692 uos
1138 2654 1188 2690 non

34 2725 38 2735 “
109 2721 141 2767 ad
158 2721 315 2780 naufragium
329 2718 474 2776 trabebant,
490 2718 533 2765 isti
548 2717 580 2764 ad
598 2731 636 2766 sa·
661 2716 742 2774 potuit
751 2716 867 2774 vincere,
878 2714 903 2762 et
910 2715 969 2774 quia
978 2712 1055 2761 atroci
1062 2711 1187 2773 peremtus

18 2948 21 2954 ·
107 2925 182 2985 cygni
188 2925 254 2971 enim
262 2925 355 2972 naturae
366 2927 431 2972 sorte
438 2922 584 2982 moriuntur,
594 2922 634 2970 isti

110 2787 197 2834 criticli
215 2787 353 2835 victoriam.
369 2788 417 2833 Nec
433 2785 468 2832 sic
479 2796 572 2844 cygnea
583 2798 636 2833 car-
662 2785 699 2832 est
709 2785 796 2831 morte.

109 2856 177 2903 urina
195 2868 267 2904 aures
293 2855 450 2914 animumque
472 2851 610 2902 mulcerent
628 2868 640 2900 τ·

663 2863 1183 2884 ...-..-..------

682 2914 692 2934 ⁸
708 2911 749 2950 Hic
761 2914 782 2948 ei
799 2910 850 2946 alibi
859 2911 933 2957 saepius
944 2910 993 2947 edit.
1003 2907 1080 2946 Bencd.
1093 2915 1132 2954 pro
1145 2905 1187 2952 fra·

108 2993 278 3040 moriebantur
298 3002 380 3038 amore
400 2990 508 3049 pietatis.
527 2991 579 3036 Non
599 2989 635 3036 sic
660 2963 931 3063 ffflffl'ssfflwffiss
938 2958 1187 3055 fflss‘fflffiffi

107 3073 184 3111 rauca
197 3061 313 3111 resonant
326 3059 421 3110 secreto
435 3060 462 3107 in
472 3071 573 3108 nemore
592 3070 635 3107 co·
661 3069 940 3112 dwmmuernonsrranr.
