2752 4806
139 397 183 450 HC
519 397 647 446 sinent
665 395 844 442 tunnosu

137 482 219 542 spinas
230 481 258 528 et
266 478 370 528 tribrdos
384 477 562 540 protractibus
575 477 666 524 tereus.
692 475 790 522 deliciis
805 475 832 522 et
846 470 948 519 luxuria
960 469 1046 530 vacat,
1056 469 1089 518 nt
1097 467 1226 528 trugnlttas

137 549 289 608 Quodsolnm
296 560 385 595 munus
392 546 536 594 admirabile
542 546 589 603 est,
595 543 668 604 prin·
691 557 808 601 errorem*
820 543 912 591 mentis
928 543 1045 600 excuset,
1066 540 1135 588 sicut
1152 537 1226 586 multi

136 618 218 678 cipale
227 617 318 664 mentis
328 615 433 663 interiit.
443 616 491 662 cnr
503 612 667 675 igiturounla
691 615 748 661 suut
761 612 936 661 aereticorum
945 611 991 671 qui
1007 608 1166 668 pretendere
1181 617 1223 654 ro·

137 686 181 734 illa
190 684 334 733 servatur?
346 684 405 731 ldeo
419 695 469 730 uon
479 683 534 743 post
549 681 666 728 collectos
691 683 747 730 lunt
761 681 870 740 corporis
886 678 1079 733 continentiam.
1094 678 1125 724 ut
1138 675 1228 722 adcor·

137 755 233 802 tructus
240 753 379 801 infunditur
389 765 466 812 aqua,
476 764 508 798 ne
518 750 666 797 beneficium
691 743 1138 797 tionissuaeiidemtestimoniusobriae
1144 741 1222 789 carnis

136 821 214 882 tnagis
234 833 309 881 quam
327 819 450 868 diluvium
470 819 536 866 terra
552 818 665 865 sentiret.
690 817 820 877 acquirant
837 829 844 864 t
859 815 908 863 etsi
923 826 999 862 sensu
1015 811 1124 870 lubrici,
1141 811 1228 857 umen.

139 891 334 950 Deniqucrerno
342 886 534 948 npuddgyptios
541 887 665 944 tempore,
690 886 831 946 quominus
840 885 940 943 turpes,
950 881 1077 942 aliquanto
1092 876 1223 927 excubi-

138 961 185 1007 sed
196 970 281 1006 mense
292 957 404 1017 diverso,
421 957 489 1004 lilius
499 955 621 1013 exundat,
638 955 666 1000 ut
690 955 764 1003 liores
785 955 918 1002 habentur.
938 953 999 1001 cun
1019 952 1105 1000 antem
1127 959 1225 996 senens

134 1025 256 1084 jaciendis
264 1025 401 1073 seminibus
410 1025 477 1072 terra
487 1024 629 1081 mollescat,
640 1021 666 1069 et
690 1024 794 1082 ments,
805 1023 833 1071 et
842 1022 957 1082 contagia
964 1031 1091 1080 corporeae
1099 1014 1225 1064 obsecraui-

136 1093 264 1140 blandiore
275 1094 345 1152 sinu,
354 1093 515 1140 clementiore
526 1091 619 1153 gremio
626 1103 666 1138 se·
689 1091 747 1139 tatis
757 1102 856 1140 sensnm
867 1101 980 1148 omnem,
990 1088 1155 1146 rigoremque
1165 1096 1224 1132 con·

135 1160 203 1206 mina
216 1159 290 1207 missa
307 1158 482 1219 suscipiantur.
498 1158 569 1216 Quod
582 1159 666 1204 autem
689 1160 996 1220 tundunt;arqueauimus
1005 1154 1224 1205 intertolubriw

136 1228 316 1275 sexcentesimo
334 1228 384 1274 Noe
403 1239 467 1273 anno
484 1226 513 1273 tit
529 1226 665 1284 diluvium,
689 1232 772 1289 motu,
782 1229 884 1278 malitias
894 1225 1224 1282 icetiduaatramentoma·

136 1295 198 1341 illud
214 1296 313 1343 videtur
328 1294 457 1342 ostendere
470 1295 529 1354 qula
544 1295 613 1341 sexto
624 1293 665 1341 die
689 1298 798 1346 delitatis
808 1297 890 1344 turore
900 1293 1131 1352 snccemns,etiam
1139 1302 1226 1350 corpo

136 1361 212 1407 Adam
227 1362 324 1408 creatus
341 1364 387 1408 est.
398 1361 466 1408 ldem
477 1372 607 1420 numerus,
618 1362 665 1408 boc
688 1363 1222 1423 ratibusflagitiisiucitntarr3ararusquoqne

137 1430 187 1488 est,
198 1430 241 1489 qui
252 1441 297 1489 par
307 1429 413 1488 dicitur,
424 1430 449 1476 et
459 1429 486 1475 in
495 1431 594 1476 auctore
606 1429 630 1475 et
638 1430 665 1475 in
689 1435 790 1484 atiectrn
798 1434 931 1494 impatiens
942 1430 1108 1478 mediocrium
1117 1427 1222 1475 facilli!-

135 1498 276 1557 reparatore
289 1499 417 1554 servatum
429 1497 488 1557 quia
499 1496 553 1543 tons
562 1509 665 1556 sexage-
688 1502 755 1560 turu,
764 1495 1221 1559 luxuriae'cnpiditate,ettundendiqns

136 1565 663 1615 simietsexceutesimisextnsestnumerus.
688 1569 793 1618 libidine
808 1569 977 1630 praecipitatnr
992 1567 1020 1614 iu
1035 1565 1135 1612 moinus
1145 1576 1227 1625 appe=

136 1635 292 1685 ldcmautem
302 1637 328 1682 et
335 1635 461 1695 primuset
471 1636 589 1696 septimus
596 1646 666 1681 men·
688 1637 768 1685 tendae
779 1639 866 1686 salutis
876 1638 965 1684 alienas
973 1649 980 1682 ε
989 1637 1050 1683 tunc
1057 1645 1177 1692 magnum
1184 1632 1222 1680 est

136 1705 170 1753 sis
187 1705 287 1753 dicitur.
304 1704 353 1751 Sed
369 1703 446 1764 magis
461 1706 567 1763 primum
583 1703 666 1750 obser-
689 1705 810 1753 dilnvium
820 1705 935 1753 omnibus
941 1703 1036 1763 pariter
1047 1699 1223 1760 ingruentibus

136 1785 195 1820 vare
221 1773 370 1830 debemus3·
381 1770 448 1831 qnod
468 1771 523 1830 post
543 1768 664 1817 diluvium
688 1775 841 1834 passionibus
857 1787 864 1820 ε
878 1775 936 1821 tunc
953 1784 981 1819 se
1000 1769 1163 1829 insipientia,
1182 1768 1226 1816 iu·-

136 1853 214 1887 verno
227 1841 338 1899 tempore
349 1840 508 1887 colendorum
525 1851 584 1885 cura
594 1851 665 1897 repa·
686 1835 1222 1902 justitia,temeritas,improbitas,pertidin

136 1907 205 1954 retur
214 1919 340 1967 agrorum,
352 1907 377 1954 et
388 1907 481 1966 placidi
496 1909 570 1967 atque
580 1907 665 1956 uberis
689 1912 720 1958 de
735 1913 857 1971 superiori
872 1912 943 1970 parte
956 1912 1083 1968 tamquam
1093 1907 1222 1954 etitem&

136 1974 182 2021 solt
191 1975 294 2034 incipiat
301 1974 392 2023 toetura
398 1970 541 2035 procedere.
552 1976 606 2033 Quo
615 1977 665 2037 sig·
688 1981 778 2028 mentis
788 1980 905 2029 ridentur
912 1978 1049 2026 effundere.
1060 1976 1126 2024 lude
1139 1987 1227 2023 eron*

135 2043 249 2091 nificatnr
265 2055 399 2103 numquam
414 2045 494 2090 Deum
512 2056 541 2091 eo
561 2057 667 2092 numero
687 2050 750 2106 punt
766 2048 797 2095 de
815 2047 923 2107 corporis
938 2046 1005 2093 tonte
1020 2044 1117 2092 terreni
1131 2042 1226 2100 ubido,

136 2113 178 2160 vet
187 2113 299 2172 ternpore
311 2111 441 2159 interitum
452 2112 578 2158 bominum
589 2112 664 2160 tuisse
689 2116 849 2175 temulentia,
867 2116 981 2173 luxuria,
996 2115 1124 2173 postremo
1139 2111 1225 2159 diver.

135 2181 257 2230 iacturum
264 2212 272 2237 ,
280 2194 329 2242 quo
338 2181 399 2229 tecit
408 2181 551 2241 exordium
560 2182 608 2230 nisi
619 2183 665 2229 im·
689 2197 770 2230 sorum
781 2185 913 2232 criminum
920 2183 1088 2244 prolapsiones
1098 2213 1106 2239 ,
1116 2191 1226 2240 quapo-

137 2251 252 2299 manibus
262 2249 362 2298 delictis
377 2249 443 2298 esset
453 2249 567 2298 offensus.
586 2250 665 2297 Simul
688 2248 1227 2322 nitusetcorporisroburetrigoremlueatis.

138 2319 236 2367 veniam
251 2319 369 2379 temporis
387 2318 414 2366 et
427 2318 526 2365 numeri
535 2318 598 2365 ratio
608 2330 665 2377 pro-
689 2321 842 2370 effeminant.

129 2387 228 2445 ‘mittit3
244 2386 399 2447 quodetiam
414 2385 493 2432 iratus
507 2384 666 2440 admoneatur
909 2401 1012 2416 --·

137 2457 188 2504 tarn
196 2455 393 2516 praecedentibus
402 2454 482 2502 causis
489 2450 665 2501 beneficiorum
851 2464 978 2518 CAPUT
997 2463 1063 2514 xv,

137 2536 252 2582 suorum,
267 2525 296 2571 ut
311 2535 360 2570 non
375 2523 474 2581 penitus
487 2522 569 2568 deleat
580 2535 665 2570 eorum

137 2591 312 2650 substantiam,
323 2603 384 2650 quos
393 2590 448 2649 ipse
459 2590 568 2637 donavit.

689 2573 730 2611 Per
738 2582 810 2610 arcam
819 2583 832 2609 a
846 2571 899 2610 ioris
907 2573 1000 2610 clausam
1015 2574 1037 2608 et
1051 2569 1077 2607 in
1091 2570 1154 2618 aquis
1165 2549 1224 2607 fluc-

712 2630 825 2672 tuantem,
836 2635 913 2674 corpus
925 2624 1019 2663 bominis
1030 2624 1089 2661 corio
1104 2628 1189 2662 rectum
1201 2625 1221 2659 et

167 2657 207 2706 tt).
218 2661 387 2720 strepitant
400 2671 478 2706 omnes
488 2658 563 2717 focus
574 2657 665 2716 abyssi,
712 2679 776 2717 variis
790 2679 885 2716 nonnus
902 2680 1007 2726 ,gum
1021 2687 1079 2726 21‘01
1096 2676 1222 2725 ,mm

48 2711 50 2715 ι
137 2729 160 2774 ei
171 2729 295 2776 wioracto
306 2727 357 2774 coelt'
367 2729 452 2787 aperiit
462 2729 525 2773 stitit.
536 2727 593 2772 Vim
603 2725 667 2772 dilu·
712 2741 774 2779 aquae
786 2733 869 2770 cubitos
882 2733 942 2779 queis
955 2735 1038 2768 montes
1049 2731 1224 2778 superabantur,

138 2794 175 2841 vii
196 2793 373 2842 convenienter
391 2793 516 2852 Scriptura
531 2791 665 2852 expressit,
712 2783 1055 2848 nummosaensusmsnrquaper
1064 2787 1162 2820 ¹¹¹⁰¹¹0¹¹¹
1174 2792 1224 2847 Ψ·

139 2863 223 2911 dicens
240 2864 330 2911 coelum
348 2863 374 2910 et
392 2862 484 2909 terram
502 2861 595 2921 pariter
613 2872 665 2908 esse
712 2837 1224 2938 ῗξῑξξὲἶᾱᾝᾞξέθᾞῗζᾝζζ

139 2931 272 2991 commota,
291 2944 305 2980 e
323 2930 414 2990 quibus
430 2929 560 2977 elementis
574 2927 667 2974 constat
712 2943 774 2990 cipue
783 2942 1021 2990 dolendos.cumjustua
1028 2943 1120 2980 inierim
1128 2943 1225 2981 mineris

138 2995 666 3055 istiusmnndiornneprincipium.Undique
712 2997 1227 3045 pravismonnusmcorpsrequssiineorporeus.

139 3065 489 3124 orgointluentibusaquarum
497 3062 667 3110 molibuscon·
713 3052 829 3087 remaneat.

139 3133 234 3179 clusum
258 3143 335 3191 genus
358 3130 486 3178 bominum
511 3131 665 3191 perurgetur.
721 3131 760 3178 50.
770 3128 894 3180 dictabit
904 3133 1020 3180 »οπιίπιω
1033 3146 1050 3180 c
1059 3133 1120 3192 foris
1128 3145 1226 3183 moso.

140 3202 197 3250 flaec
212 3200 348 3249 secundum
363 3201 480 3249 litteram.
499 3201 569 3259 Quod
584 3204 667 3250 autem
691 3199 775 3246 Sermo
785 3198 930 3246 manifestus
946 3200 984 3247 est
1000 3200 1141 3248 secundum
1157 3201 1227 3250 ntis

139 3270 170 3318 ad
176 3270 289 3317 altiorem
298 3270 407 3329 pertinet
417 3282 528 3330 sensum,
537 3269 594 3316 eoeli
601 3283 667 3329 sym·
690 3280 752 3315 ram.
770 3266 908 3314 Claudenda
921 3267 969 3315 tuit
984 3279 1056 3326 mea,
1072 3268 1099 3316 et
1114 3268 1171 3316 tuto
1184 3280 1226 3316 so-

140 3338 196 3385 boto
210 3349 280 3385 meus
293 3337 401 3385 bumana
416 3335 580 3397 significatur,
596 3337 667 3384 terrae
691 3334 782 3396 pienda
792 3334 986 3394 munimine3ne
995 3347 1050 3382 eam
1060 3347 1125 3394 vaga
1134 3333 1225 3384 diluvii

140 3405 223 3454 antem
241 3406 406 3466 appellatione
424 3416 512 3465 corpus
532 3407 557 3453 ot
572 3417 666 3452 seusus.
691 3403 784 3450 fluenta
805 3402 975 3463 penetrarent.
1004 3403 1105 3450 altioris
1126 3415 1225 3464 quoque

139 3475 225 3536 Magna
235 3475 310 3535 igitur
319 3473 462 3534 naufragia,
473 3473 570 3534 quando
578 3474 668 3521 mentis
692 3483 779 3518 sensns
788 3484 838 3518 nou
853 3472 986 3532 incongrua
1002 3471 1193 3532 interpretatio,
1203 3470 1230 3519 st.

140 3543 264 3602 pariteret
271 3542 379 3603 corporis
386 3553 550 3600 sensuumque
558 3541 668 3588 omnium
692 3553 779 3600 corpus
800 3541 936 3587 humanum
958 3540 998 3587 cui
1018 3551 1076 3587 arca
1096 3541 1153 3589 baec
1170 3551 1226 3601 qun

140 3611 212 3658 turbo
223 3612 249 3658 ot
258 3610 366 3671 procella
376 3611 520 3657 miscentur.
532 3610 669 3670 Diligenter
692 3609 852 3668 describitur,
864 3609 994 3669 liguratur,
1002 3611 1099 3668 septum
1112 3609 1228 3667 corioin·

142 3677 207 3724 dicta
219 3690 358 3736 pensemus.
370 3678 516 3738 Plerumque
525 3678 591 3726 trans
599 3692 669 3726 rnen·
692 3678 1153 3739 dicemusatrigoreaestuquedetendi,
1161 3678 1228 3740 quod

141 3745 174 3792 tis
184 3744 210 3792 et
224 3745 293 3792 dolus
308 3757 380 3792 suurn
395 3745 513 3793 exercent
527 3759 667 3807 venenum,
692 3746 783 3794 artilex
799 3746 866 3794 Dens
883 3747 914 3794 ad
931 3747 1041 3793 omnium
1056 3747 1227 3794 membrorum

142 3812 186 3859 sed
197 3812 280 3860 tamen
293 3812 411 3859 sobrietas
426 3815 534 3873 eorporis
550 3815 576 3862 et
590 3817 669 3863 conti·
692 3815 872 3875 protectionem
882 3815 1036 3863 naturalibus
1044 3814 1152 3864 vestivit
1163 3827 1227 3865 exn-

142 3879 226 3927 nentia
231 3879 471 3927 obumbrantmentis
476 3881 667 3940 improbitatem.
692 3885 754 3944 riis,
766 3886 792 3932 et
802 3885 907 3944 quodam
917 3884 1065 3932 circumfuso
1073 3886 1159 3934 induit
1168 3897 1226 3946 opo·

142 3948 292 4010 Frequenter
299 3946 457 3996 incertotidci
465 3949 539 4009 atque
547 3949 669 4008 opinionis
692 3953 813 4012 riment03
825 3952 941 4012 utusque
951 3952 1041 4012 frigore
1053 3954 1225 4016 congelascat,

141 4029 195 4069 aaa
208 4028 279 4066 mens
292 4015 387 4066 lubrica
404 4017 453 4072 est,
465 4017 508 4065 sed
519 4017 602 4066 tamen
613 4031 668 4068 caro
692 4033 738 4071 nec
750 4020 834 4074 aestivo
846 4021 925 4071 calore
934 4020 1051 4070 solvatur.
