2752 4800
156 383 202 433 ili
537 383 666 428 SANCTl
687 382 862 428 nunnosli

152 463 400 527 pericnlumruere,
418 460 445 511 et
463 461 531 510 culta
547 463 681 522 obterere,
707 459 1120 522 virtutumlrabetcopulam.llnde
1128 461 1238 525 [ναίοιμι

127 522 130 529 ’
153 531 403 592 tmctaosadepasci;
414 532 525 592 utsiqui
536 533 630 581 suntin
641 543 683 579 ea·
707 530 813 592 quedam
830 530 878 578 sibi
893 531 1039 590 copulantur
1051 531 1238 584 necesdtudinc

153 602 211 650 deur
221 600 684 660 animesirtutumbulusceurcditrua·
708 597 770 647 vitia
778 598 932 659 virtutesque
938 598 1056 658 bominis,
1063 599 1123 659 quis
1130 598 1239 669 illecta·v

153 670 212 729 tus,
227 682 270 719 eos
283 681 381 730 quoque
398 669 527 730 dissipent.
547 669 610 718 Hinc
626 683 683 732 erpo
706 667 790 728 natis,
810 667 863 715 istae
882 667 1037 715 rationabilis
1056 668 1145 716 anima
1166 669 1236 717 unt.

152 738 327 800 cogitationum
335 738 474 786 nostrarum
482 737 613 786 discordia.
621 741 682 788 cum
706 736 766 784 caro
775 735 858 783 autem
869 736 941 796 atque
952 736 1034 782 aalma
1041 735 1237 796 velutilqnadnnu

152 819 209 856 earo
227 809 347 868 repugnat
367 807 484 854 adversus
501 807 638 868 spiritum,
655 811 682 858 et
707 805 1237 877 legesocianturconjugii,exquibuslrouso

152 875 254 936 spiritus
268 877 385 924 adversus
398 887 513 935 samem,
527 887 577 923 non
587 877 682 927 medio-
706 873 809 921 constat.
831 875 908 921 llomo
929 873 1004 933 igitur
1023 875 1093 921 velut
1109 874 1237 934 portiones

152 943 203 993 cris
215 956 296 1005 pugna
307 945 358 1003 eet,
374 943 472 1004 quaudo
488 943 542 1003 ipse
552 944 682 1004 apostolus
706 953 762 988 suas
772 941 891 990 foederare
907 942 997 1001 deba,
1010 942 1085 1004 atque
1101 942 1133 988 ad
1147 954 1237 1002 pacem

152 1025 196 1061 ves
214 1013 342 1062 electionis
360 1012 488 1061 dominicae
507 1011 568 1059 dicit
584 1025 591 1058 a
609 1015 681 1062 Video
706 1020 803 1068 cogere.
815 1009 863 1057 Sed
873 1009 932 1069 quia
946 1022 1020 1057 nemo
1035 1011 1088 1060 erat
1097 1010 1182 1058 tantm
1191 1011 1237 1073 qui

151 1082 310 1143 tamensis
319 1095 377 1130 asa
386 1084 555 1142 amoenum
565 1081 682 1141 tesimen-
706 1087 806 1126 carnem
817 1077 943 1137 vinceret3
957 1077 1029 1138 ideo,
1041 1079 1112 1128 Venit
1119 1092 1172 1140 parc
1181 1091 1238 1128 aaa·
1254 1082 1257 1087 '

152 1152 182 1200 as
192 1164 249 1201 asca
258 1184 266 1210 ,
275 1154 298 1200 et
307 1152 461 1212 captivantem
479 1163 516 1198 mc
526 1151 551 1198 ta
565 1150 614 1210 lepe
628 1165 682 1211 pcc-
705 1147 758 1205 tra,
770 1148 811 1206 pai
824 1146 878 1204 fecit
892 1149 992 1206 utram
1001 1159 1091 1204 uam,
1099 1149 1124 1195 st
1133 1149 1237 1196 maan

150 1221 213 1276 eati,
227 1221 288 1280 qaod
301 1222 335 1268 est
348 1221 374 1267 ts
387 1218 497 1266 membris
506 1219 572 1265 aeas.
589 1217 681 1267 Sedere
704 1217 817 1274 parietem
832 1217 938 1263 cruenta
953 1217 1237 1274 admisissemus&

152 1285 216 1334 banc
226 1300 333 1347 pugnam
343 1287 396 1347 ipse
410 1285 572 1346 nequiverat,
583 1287 609 1334 et
625 1286 682 1334 ideo
705 1297 776 1331 carae
793 1298 858 1342 saa,
880 1285 951 1344 tapam
968 1286 1137 1333 mandamns
1157 1286 1237 1337 edidis

152 1354 185 1402 ad
201 1355 324 1403 christum
342 1355 453 1413 conlusit
471 1354 556 1401 diceus
570 1368 577 1400 ε
593 1356 681 1413 intellec
705 1367 821 1402 evacuans
827 1386 836 1412 ,
846 1356 872 1402 at
880 1356 939 1412 dnos
950 1357 1055 1403 conaret
1063 1356 1090 1401 ia
1099 1357 1235 1417 mutiam,

150 1437 193 1484 cpe
210 1424 357 1484 homoeosis
375 1437 411 1470 mc
422 1422 566 1470 liberabitis
583 1436 681 1482 empore
705 1423 730 1466 ta
744 1435 792 1469 ano
809 1435 867 1469 acco
885 1422 977 1469 bomine
995 1422 1083 1481 {aaa
1096 1435 1195 1482 paeana,
1208 1424 1237 1475 aa

151 1495 233 1541 mortis
243 1492 327 1553 imae?
338 1493 389 1540 lloc
401 1491 452 1550 est,
463 1503 496 1538 ue
509 1490 681 1538 delectationi·
705 1491 837 1538 conciliaret
850 1494 959 1551 utresque
969 1493 995 1537 ia
1005 1505 1053 1538 ano
1062 1504 1162 1553 corpore
1171 1494 1234 1550 lico,

89 1608 92 1615 Δ
151 1559 198 1609 bus
215 1561 296 1609 cernis
314 1561 461 1608 adhaeream.
475 1560 535 1617 Quis
551 1560 626 1618 igitur
643 1560 681 1606 est
701 1571 744 1616 per
754 1571 846 1605 erucem
863 1559 1000 1618 interamne
1014 1560 1236 1611 imminemu-

147 1630 195 1689 qul
206 1630 244 1678 luis
254 1641 295 1677 rue
309 1631 388 1677 solvat
404 1627 523 1687 vinculis,
534 1629 561 1674 et
570 1627 679 1674 liberum
704 1627 808 1684 metipso.
828 1627 905 1674 Recte
922 1626 1000 1687 igitur
1014 1639 1042 1677 se
1059 1628 1090 1677 ut
1106 1627 1234 1679 homiuem

150 1698 229 1748 societ
242 1700 308 1756 Deo,
325 1709 457 1756 sensusque
473 1696 504 1743 ad
518 1694 678 1743 sobrietatem
703 1693 832 1742 infelicem
847 1695 912 1742 dixit
925 1696 1070 1756 Apostolus,
1083 1697 1127 1761 qni
1138 1697 1234 1749 tantum

151 1767 240 1812 animae
250 1767 326 1824 magis
337 1764 493 1823 detorqueat,
504 1774 578 1823 quarn
588 1764 679 1811 adcor·
703 1762 797 1809 bellum
815 1762 880 1811 iutra
898 1777 925 1812 se
944 1765 1086 1825 pateretur,
1102 1765 1169 1824 quod
1185 1779 1234 1815 non

151 1834 217 1893 poris
226 1831 415 1882 temulentiam?
428 1831 477 1878 Sed
487 1832 545 1891 quia
556 1832 622 1879 iuter
634 1832 679 1879 bo-
703 1829 949 1891 possitrestinguere.
958 1831 1071 1893 benique
1080 1845 1137 1881 cunr
1145 1833 1234 1885 &una

151 1903 231 1950 mines
238 1902 332 1948 tantum
341 1911 389 1946 uon
397 1899 602 1960 potuitreclorem
610 1901 679 1949 inve·
702 1898 859 1957 portiuncula
870 1901 1025 1961 passionum,
1035 1900 1083 1950 boe
1092 1902 1234 1953 eanmun-

150 1971 205 2031 nire
222 1983 229 2015 =
246 1981 377 2018 conversus
398 1968 430 2014 ad
448 1969 529 2016 Deum
548 1981 555 2014 τ
575 1970 677 2029 Gratia,
702 1967 760 2026 dia,
775 1967 871 2016 diceret
887 1969 1001 2017 Salomon
1012 1983 1019 2016 ε
1031 1971 1118 2018 Melior
1133 1974 1182 2031 est,
1196 1971 1233 2021 ln·

149 2036 245 2098 inquit,
256 2040 300 2086 na·
312 2050 356 2096 per
370 2039 450 2085 lesam
466 2037 585 2086 Christian
594 2041 678 2086 Domi·
702 2036 1232 2099 quit,scpiens{crti:qniautaariracursdinas

149 2117 216 2153 aare.
226 2105 253 2153 si
263 2105 350 2152 tortior
360 2106 411 2153 suis
421 2116 470 2152 nou
482 2106 604 2153 commisit
618 2107 678 2154 viri·
702 2107 815 2163 continet,
827 2108 910 2153 malim
919 2109 952 2154 cst
961 2119 1035 2167 qnam
1052 2108 1095 2167 pai
1103 2107 1232 2157 arbonae·

148 2173 211 2232 bus,
221 2175 382 2234 quodccrpus
392 2174 478 2222 mortis
490 2175 620 2234 evaderet,
634 2176 678 2223 sed
700 2174 743 2231 pit.
755 2175 844 2221 Beatus
858 2173 935 2233 igitur
945 2175 987 2237 qui
1002 2175 1051 2221 boc
1065 2175 1164 2224 bellum
1175 2188 1232 2227 era-

148 2243 272 2291 auxilians
287 2243 424 2303 pastona
439 2242 546 2301 Christo3
558 2242 618 2302 quid
632 2256 677 2290 nos
698 2241 761 2289 serit
775 2242 850 2288 etiam
860 2254 910 2288 non
925 2241 1023 2289 advena
1034 2243 1060 2290 et
1069 2244 1230 2305 peregrinus,

148 2310 676 2372 iacereoportetiutirmioreslllaucpugnam
701 2309 745 2355 sed
755 2309 966 2359 civis'sauetorum
976 2311 1002 2358 et
1008 2310 1164 2361 domesticus
1172 2313 1230 2372 lici,

146 2390 248 2438 ararem
257 2393 310 2429 esse
320 2380 432 2439 coguovit
439 2380 575 2438 Abrabam,
586 2380 612 2427 et
620 2380 676 2428 ideo
700 2390 774 2438 quem
792 2379 819 2428 iu
838 2379 911 2428 terris
930 2379 1039 2441 positus
1059 2381 1162 2432 tenena
1180 2390 1229 2433 nan

147 2447 176 2494 ln
181 2449 445 2509 principiocaveudum
451 2448 557 2508 putavit.
565 2449 674 2508 Sapienti
700 2446 819 2507 quatiant.
1032 2472 1034 2476 Α

148 2517 216 2569 enim
235 2518 302 2576 pacis
317 2517 356 2563 est
374 2516 503 2575 studium,
523 2517 675 2576 imprudenti
730 2515 770 2562 29.
781 2516 853 2563 iluna
870 2516 985 2564 affectuum
1000 2529 1103 2567 ,servare
1117 2516 1230 2578 cupiebat

148 2585 226 2631 amics
237 2585 337 2645 jurgia„
699 2584 829 2633 abrabam.
845 2587 930 2649 ltaque
950 2587 980 2634 ut
999 2587 1039 2634 vir
1060 2587 1179 2649 pacificia
1195 2587 1230 2637 sit

179 2650 217 2698 28.
228 2653 282 2699 ilos
293 2653 336 2710 sit,
353 2651 448 2711 iuquit,
457 2654 515 2700 mna
532 2655 593 2708 inter
607 2668 644 2701 me
653 2657 676 2703 et
699 2653 779 2711 primo
790 2668 797 2700 ε
809 2656 863 2702 ivon
874 2657 904 2704 sit
914 2657 1041 2703 riaoiatcr
1048 2669 1085 2703 me
1096 2660 1119 2706 et
1131 2659 1228 2707 merle.

121 2750 124 2754 Δ
146 2722 208 2786 later
218 2723 239 2768 tc
245 2753 254 2778 ,
262 2723 283 2769 et
294 2722 354 2768 intr
360 2723 465 2780 pastores
472 2735 533 2769 accos
542 2724 564 2769 ct
571 2726 675 2781 pastores
699 2722 758 2769 lude
769 2722 805 2770 ait
815 2736 822 2768 r
835 2725 865 2770 Et
874 2726 935 2770 inter
943 2727 1048 2784 pastores
1058 2737 1123 2774 meus
1128 2757 1137 2784 ,
1148 2728 1171 2774 et
1176 2738 1229 2787 paa-

146 2786 215 2850 tacs5
233 2791 289 2850 qaia
304 2789 407 2837 berniaco
424 2803 467 2838 aas
481 2792 569 2853 tratres
584 2804 685 2853 sumas„
699 2793 759 2839 leros
770 2793 944 2840 incedentium
954 2793 1227 2855 poeniteboce,iuquit

146 2859 263 2909 naamam
273 2858 375 2918 mamus
386 2858 520 2916 Abrabam,
532 2859 558 2905 et
566 2859 611 2906 Lot
620 2861 675 2920 ejus
699 2862 749 2907 tota
760 2863 823 2909 terra
834 2864 887 2908 arra
895 2864 931 2918 te,
942 2861 989 2908 hoc
1000 2862 1051 2921 est,
1059 2861 1081 2909 si
1091 2874 1142 2911 non
1151 2861 1228 2925 potest

147 2927 277 2986 nepotem
287 2927 406 2986 quomodo
415 2939 471 2973 eum
482 2925 582 2973 tratrem
591 2931 675 2987 appel·
699 2929 844 2988 convenire,
855 2929 915 2976 cedo
926 2930 1054 2990 omnibus,
1062 2930 1144 2979 totum
1154 2941 1228 2991 cape,

146 2993 196 3040 lat?
206 2994 255 3043 sed
265 2994 365 3042 adverte
375 2994 434 3054 quia
445 3006 529 3041 causas
540 2996 674 3044 concordia
698 2995 719 3040 si
730 2995 760 3041 dc
776 2997 828 3044 loco
839 2999 881 3044 aut
890 2998 1043 3057 possessione
1052 2998 1172 3047 dissensio
1182 2999 1227 3049 est.

144 3061 243 3119 sapiens
252 3060 362 3110 adhibet.
373 3062 443 3108 Unde
453 3063 674 3120 praemisitrlionci-
697 3062 797 3120 Quodsi
809 3066 919 3114 moribus
930 3078 978 3113 nou
989 3068 1227 3128 conscendissem

145 3140 186 3175 aes
204 3140 246 3177 aas
257 3142 347 3176 mmm.
366 3130 455 3175 Omnes
466 3130 547 3177 autem
563 3131 674 3179 homiues
697 3142 772 3177 ame.
781 3132 876 3188 Quanta
892 3136 950 3181 ante
968 3136 1102 3195 praemisit,
1113 3149 1147 3186 ne
1157 3149 1228 3199 cuae·

145 3194 219 3245 unius
233 3197 327 3243 naturae
341 3197 426 3255 partus
444 3200 522 3255 sunt,
537 3197 602 3244 intra
619 3199 673 3256 ejus
697 3199 918 3248 nemodiscedere?
928 3203 977 3250 Sed
987 3205 1063 3253 etiam
1077 3205 1228 3254 socrualis

145 3264 258 3323 concepti
269 3264 380 3323 viscera,
391 3265 417 3312 et
428 3277 477 3313 uno
492 3266 538 3313 toti
553 3267 627 3326 atque
638 3268 676 3315 et·‘
698 3276 725 3312 ac
742 3265 877 3326 disciplinae
895 3271 941 3318 est.
950 3270 1020 3319 Dixit
1031 3271 1099 3319 eninr
1113 3275 1171 3322 ante
1184 3284 1227 3322 nes

145 3333 194 3382 tusi
211 3336 291 3385 utero.
312 3334 383 3383 Unde
403 3335 474 3383 nobis
492 3335 548 3392 iure
567 3336 672 3395 quodam
697 3335 736 3380 vir
745 3347 777 3382 ex
785 3337 946 3397 Philosophiae
957 3341 1080 3398 protectus
1088 3341 1226 3404 disciplina,

144 3403 391 3463 permansissent
402 3404 490 3452 tratres
500 3405 673 3452 connectimur
697 3406 800 3462 quatuor
811 3407 864 3454 baec
874 3407 937 3454 bono
946 3409 998 3455 viro
1008 3409 1137 3460 inesse.Ut
1148 3411 1227 3459 einba-

143 3472 175 3518 ab
183 3485 231 3519 uno
239 3474 308 3532 patre
316 3473 424 3531 conditi,
432 3474 458 3522 et
467 3485 516 3521 una
524 3473 601 3520 matre
611 3475 672 3522 tam·
696 3473 735 3520 ret
742 3474 848 3532 primum
860 3478 887 3524 ut
895 3489 980 3525 ornnes
990 3477 1037 3525 eibi
1046 3480 1139 3528 amicos
1146 3479 1226 3538 faciat,

143 3552 215 3598 quam
224 3540 312 3589 tratres
320 3543 412 3590 uterini
422 3543 493 3590 editi
504 3543 534 3590 Et
547 3541 603 3590 ideo
614 3555 671 3591 cum
696 3542 844 3603 secuudum,
855 3545 884 3591 ut
895 3545 917 3593 si
928 3557 977 3592 non
988 3547 1071 3606 potest
1085 3549 1177 3597 arnicas
1190 3547 1226 3597 a·

142 3608 219 3654 simus
226 3610 380 3657 rationabilis
388 3612 483 3660 naturae
491 3612 598 3671 soboles,
608 3612 671 3659 tam-
696 3623 767 3670 cere,
779 3614 846 3660 certe
863 3626 910 3662 nee
928 3614 1041 3662 inimicos
1052 3630 1059 3662 ε
1071 3614 1226 3677 tertiw,nl

143 3686 217 3732 quam
238 3677 330 3728 uterini
356 3690 400 3725 nos
424 3679 527 3738 diligere
552 3680 671 3728 debemus
695 3680 715 3727 sl
726 3693 772 3727 uec
782 3681 848 3729 istud
859 3683 1028 3742 suppetIt,ex
1037 3686 1164 3735 sententia
1175 3685 1226 3734 dls·

70 3764 72 3767 ·
142 3753 224 3791 amore
242 3745 344 3801 mutuo,
355 3757 404 3791 nou
420 3743 562 3806 impugnare
573 3761 602 3796 ac
613 3762 670 3808 per·
695 3749 766 3795 cedat
775 3762 781 3794 ι
791 3752 920 3810 quartum,
931 3752 951 3799 sl
962 3752 1018 3813 quis
1028 3753 1159 3802 cedentem
1168 3765 1224 3814 per·

141 3809 222 3867 sequi,
240 3811 315 3857 llulto
334 3813 419 3860 autem
441 3815 525 3861 verius
544 3815 669 3864 adunam
694 3820 941 3877 sequatummuicot
962 3834 1002 3882 se,
1023 3825 1052 3871 ut
1071 3825 1162 3885 potest.
1177 3821 1223 3872 Sed

106 3901 111 3911 ·
142 3876 248 3926 animam
256 3875 371 3936 retertur,
379 3879 449 3935 cujus
457 3881 603 3929 rationabile
612 3895 669 3943 cog·
693 3884 736 3931 illa
751 3886 798 3932 tria
813 3888 975 3946 superiorein
990 3891 1092 3940 Abrabae
1107 3905 1157 3940 non
1174 3903 1224 3940 ser·

142 3945 211 3992 natos
220 3943 309 4003 babet,
319 3945 348 3993 ut
361 3958 434 4007 supra
450 3947 571 4008 diximus,
583 3962 668 3998 seusus
693 3953 805 4001 monibus
817 3955 904 4016 nudis,
915 3957 960 4007 sed
971 3961 1039 4010 veris
1053 3960 1169 4023 operibus
1184 3971 1223 4019 aass

141 4013 500 4076 irrationabileszquodautem
511 4016 666 4076 rationabile,
692 4021 823 4070 noscimus.
1202 4036 1203 4041 ¹
