2752 4800
190 420 238 476 αθ
601 427 724 474 sineri
737 415 898 493 auaaosrt
920 409 932 445 ³'

188 508 280 558 amoris
293 507 329 569 pti
340 509 414 559 aestus
428 510 543 571 lacrymis
558 511 716 573 temperaret.
910 529 1038 583 CAPUT
1056 529 1112 582 χι,

188 580 247 628 nme
261 577 396 627 moraliter.
1140 587 1143 590 ⁴

218 646 259 695 58.
279 645 381 704 llystice
400 645 491 694 autem.
510 648 579 694 vidit
596 645 718 693 Dominus
742 631 971 700 lrahrdmtrr'omnes
985 648 1128 687 framearum
1144 650 1217 688 sancto
1230 640 1275 688 loa
1352 678 1360 687 .

187 717 259 765 lesus
266 715 455 773 Paulum,oculi
465 715 532 762 euim
539 714 717 772 Dominisuper
748 692 942 773 ”⁸⁶13h'²²³⁸²j³3⁰¹¹³¹⁸
956 703 1077 765 ueniamus
1093 711 1152 740 ”⁰⁰⁰
1167 703 1276 740 mm*

749 780 752 785 -
763 755 860 803 scyphus
870 755 1020 802 inspiciuntur
1028 754 1104 793 ordrne
1111 754 1214 792 omnium
1224 766 1275 793 saca

185 782 716 845 imtossetdifflfficfrssmvfflmslw'
763 808 795 849 ci.
807 811 829 845 et
845 808 931 859 laudern
948 819 983 846 vas
996 808 1053 845 illud
1067 809 1194 852 invenitur.
1208 812 1275 856 atqu·

187 850 323 904 lesoenlior?
329 851 414 898 Adhuc
422 850 600 898 adolescentior
611 851 716 909 dicitur,
750 855 967 909 ''istorummysteria
979 865 1104 906 cruentum
1114 861 1153 898 uhi
1162 862 1274 908 praecipue

186 921 231 983 qut
239 919 347 968 nondum
355 920 476 966 maturam
482 917 717 980 canaideiyerehal
765 911 790 950 ‘¹⁶
799 908 989 984 ddssssdfflitsw
998 913 1095 952 uersuti
1106 915 1218 953 *wilm
1229 914 1274 953 ‘1⁵³⁴

187 991 300 1048 aetatem,
317 987 425 1035 nondum
440 986 466 1033 in
482 987 563 1035 virum
578 987 717 1048 perlectum
763 970 859 1014 putatur.
869 980 889 1050 ,ᾗ
984 986 986 989 “

187 1057 348 1115 excreverat,
368 1059 395 1104 in
411 1056 496 1113 allum,·
512 1055 575 1103 sicut
595 1055 648 1115 ipse
666 1055 716 1114 ait,
752 1057 756 1060 ’
772 1051 1044 1123 ω.,Βίρςηιπς]ααίενη,
1058 1057 1080 1119 et
1094 1055 1205 1119 inebriati
1215 1055 1274 1122 anal

185 1124 718 1185 meaenrcmoetutispleaitndinischn'sti.De·
741 1121 893 1182 paritercnm
903 1118 938 1169 eo.
955 1123 1107 1183 Apriucipio
1123 1123 1273 1184 fideijmajm

186 1190 717 1255 niqueadolesceuslepiturtantumihhnhi
741 1180 1274 1260 Pauioxpraerogativadeferturssdequodic-

185 1259 718 1323 lapidantiumStephanumvestimentaser·
741 1259 878 1326 tumestad
888 1259 1274 1322 inaniaerodc,qaonicmoas

185 1329 269 1377 most.
282 1329 375 1376 Etideo
384 1329 555 1396 Philemonem
563 1339 612 1374 non
624 1327 717 1389 adoles·
741 1326 859 1395 electionis
868 1325 968 1398 mimalia·
979 1330 1010 1375 att
1019 1328 1174 1386 enffmcadam
1185 1343 1273 1378 amaon

186 1396 276 1446 centia
283 1409 348 1455 suas,
356 1397 400 1444 sed
410 1397 543 1459 senectutis
548 1397 656 1458 similem
664 1409 716 1459 esse
741 1392 907 1458 menrnjcoroan
920 1395 1032 1455 pentibus.
1045 1396 1064 1441 Α
1075 1396 1198 1457 principio
1215 1399 1275 1446 iue-

185 1465 316 1526 enpiehal,
334 1465 363 1512 nt
379 1464 477 1523 scripsit
494 1477 501 1510 a
518 1466 593 1524 dreyls
609 1465 715 1522 omecro,
741 1462 835 1509 hriatur
846 1464 978 1523 ebrietate,
989 1465 1033 1511 sed
1043 1464 1175 1523 solaria3ut
1183 1467 1273 1528 etipse

185 1547 240 1583 enm
250 1534 282 1582 sia
293 1533 345 1580 totis
355 1535 381 1578 at
392 1532 481 1594 Paulus
494 1544 575 1578 scaen.
591 1531 649 1578 ideo
659 1531 716 1578 ado
741 1541 797 1577 cum
809 1533 899 1579 sanctis
910 1531 1005 1579 diceret
1017 1535 1066 1580 :Et
1078 1536 1190 1593 poculum
1204 1539 1274 1585 tanna

70 1667 74 1677 .
149 1656 153 1665 ‚
185 1589 444 1664 lesceutioresyiduas
457 1599 575 1659 predicat
590 1600 716 1646 declinan-
739 1599 873 1657 inebrians,
888 1613 960 1660 qaam
969 1602 1161 1660 proeclornmcst.

186 1673 243 1732 dns,
259 1671 312 1735 non‘
320 1670 420 1736 propter
430 1671 542 1727 aetatem,
554 1668 597 1716 sed
614 1669 716 1728 propter
770 1665 808 1712 61.
831 1668 859 1714 ut
879 1668 985 1727 scyphus
1001 1665 1198 1728 argentenssoli
1218 1673 1275 1731 ejus

185 1737 510 1801 quamdampuhescentinm
516 1737 661 1784 delictorum
667 1737 716 1783 tas·
740 1746 810 1782 sacco
826 1736 953 1784 inseritur.
969 1738 1164 1800 Nesciebathoe
1181 1743 1274 1803 Beuja-

185 1804 716 1866 chriam,immaturitatemquerirtuliscae·
740 1803 809 1849 min:
822 1804 1049 1852 talleliaturtaulus
1057 1839 1064 1864 ,
1073 1807 1117 1854 sed
1125 1811 1272 1859 vocabatur.

185 1879 267 1924 terum
278 1875 355 1932 major
370 1874 398 1920 in
405 1875 511 1933 juverre,
522 1886 596 1932 quam
614 1873 641 1920 in
655 1886 715 1922 sene
740 1871 967 1932 hlittiturposteum
977 1886 1057 1921 mane.
1065 1876 1119 1922 Nox
1130 1879 1198 1925 enim
1208 1893 1274 1939 prae·

184 1928 240 1993 latis
255 1945 373 2004 castitatis
387 1945 434 1992 est.
450 1945 511 1990 Puto
527 1943 610 1990 autern
626 1943 716 2004 quoda
741 1942 846 1989 cesserat
858 1942 987 2001 caecitatis,
998 1942 1053 1990 dies
1068 1940 1128 1992 fidei
1138 1950 1274 2010 appropin-

185 2016 246 2075 v'ero
256 2026 305 2071 nou
315 2013 348 2061 sit
355 2013 464 2060 alienum
474 2011 552 2067 illud,
563 2012 584 2058 si
592 2012 716 2071 intettiya-
740 2009 838 2067 quatiat.

186 2095 242 2131 mus
252 2075 310 2144 unia
326 2096 382 2130 cum
398 2082 444 2129 hoc
457 2082 546 2129 Paulus
563 2081 679 2140 haberet,
691 2081 716 2128 et
771 2078 809 2125 62.
831 2081 877 2127 Per
898 2078 1009 2128 ordinem
1027 2082 1182 2142 singulorum
1200 2087 1273 2146 prius

149 2202 160 2211 ,
185 2144 299 2201 horreret
314 2151 453 2213 correptus,
464 2150 529 2210 quod
544 2150 639 2197 caecitm
650 2150 716 2197 acci·
740 2147 904 2206 inspiciuntur
915 2151 1015 2197 sacculi.
1024 2152 1135 2198 Docette
1145 2156 1273 2203 moralita-

185 2214 262 2282 disset
268 2218 715 2281 ei,inciperettameuappropinquare
739 2216 790 2262 tem
799 2218 921 2276 scriptura
932 2218 1025 2266 divina.
1034 2222 1082 2266 Per
1089 2221 1204 2270 ordinem
1212 2226 1271 2273 ante

186 2282 290 2337 dicendo
306 2301 313 2334 a
325 2290 425 2336 Domine
429 2320 438 2345 ,
455 2288 509 2347 quid
524 2301 561 2334 me
574 2288 609 2333 oia
620 2287 714 2347 focem
739 2283 918 2333 discubuerunt
927 2286 954 2332 iu
967 2287 1082 2336 convivio
1096 2291 1184 2348 contra
1196 2305 1271 2353 eum,

185 2357 243 2406 ideo
254 2358 431 2406 adolescentior
441 2356 569 2403 dicehatur
579 2367 593 2402 a
603 2352 714 2414 Christo,
739 2353 879 2412 primitivus
904 2356 1039 2404 secundum
1061 2359 1169 2408 aetatem.
1195 2362 1273 2411 Vides

183 2429 268 2488 utqui
279 2428 435 2476 vocabatura
451 2426 542 2484 gratia,
553 2425 715 2471 excusaretur
739 2422 803 2480 quod
819 2424 910 2471 seniori
926 2418 994 2472 locus
1009 2426 1052 2472 ille
1067 2427 1100 2474 sit
1110 2420 1271 2480 deterendus.

184 2492 712 2555 sculpa,quodea1uhricamissetaetatis.
738 2491 1270 2555 Perordinemiterumrequiruutursacculi

183 2563 297 2622 Denique
315 2562 378 2608 vidit
396 2574 452 2608 eum
471 2561 593 2617 Christus,
609 2560 652 2606 uhi
669 2561 715 2607 lux
738 2561 903 2619 singulorum,
923 2564 951 2609 ut
965 2563 1029 2609 scias
1042 2563 1151 2613 electum
1165 2568 1270 2617 Paulum
1303 2582 1306 2586 ·

185 2630 348 2680 circumtulsit
359 2642 424 2677 eum.
438 2630 467 2676 st
478 2629 536 2688 quis
545 2629 713 2675 adolescentes
739 2629 832 2676 coelesti
844 2643 896 2677 esse
905 2629 1008 2687 judicio.
1020 2632 1141 2681 Discussit
1152 2638 1268 2698 caeteros,

184 2701 262 2761 magis
279 2701 348 2748 metu
366 2711 440 2758 quarn
459 2698 554 2746 ratione
568 2698 714 2744 revocantur
739 2698 804 2744 hunc
815 2699 931 2757 praetulit.
943 2702 971 2746 ln
981 2701 1075 2747 nullius
1085 2703 1188 2752 atterius
1198 2718 1269 2755 sacco

184 2771 286 2830 aritio,
297 2768 412 2816 adhibuit
420 2768 562 2826 stimulum,
573 2766 600 2814 et
609 2766 714 2814 misera·
738 2769 846 2827 scyphus
864 2770 994 2827 argenteas
1011 2770 1128 2818 iuventus
1148 2774 1200 2834 est,
1219 2775 1268 2823 nisi

183 2842 225 2888 tus
242 2839 381 2898 admonuit,
398 2849 431 2886 ue
451 2836 569 2895 aduersus
586 2836 713 2884 stimulum
737 2836 818 2884 istius.
829 2837 893 2895 Quid
908 2837 956 2884 sihi
971 2839 1025 2885 vult
1035 2839 1101 2898 quod
1111 2839 1221 2890 insertus
1231 2847 1268 2890 est

183 2910 332 2956 calcitraret.
738 2906 849 2953 sacculo?
866 2906 957 2966 loseph
969 2907 1069 2965 quidem
1087 2907 1225 2958 inebriavit
1239 2913 1267 2959 ut

215 2977 386 3024 deturbatus
403 2976 441 3024 est
455 2973 625 3029 autem‚sicut
637 2975 713 3022 hahes
737 2975 861 3021 falleret:
882 2976 1002 3035 scyphum
1025 2975 1093 3023 misit
1115 2978 1145 3023 ut
1165 2978 1266 3026 matrem

183 3044 211 3091 iu
222 3046 367 3102 Evangelio,
381 3045 440 3102 quia
449 3044 560 3091 turbarit
569 3055 595 3090 se
608 3044 711 3102 spiritu,
737 3056 810 3101 quern
824 3044 942 3102 ditigebat
961 3046 1002 3103 pia
1017 3043 1103 3091 fraude
1117 3051 1265 3097 revocares

183 3125 240 3159 eum
251 3113 541 3169 Lazarumresuscitaret3
550 3113 576 3157 et
583 3112 619 3156 ihi
626 3113 710 3171 flevit,
736 3112 780 3158 sed
790 3112 912 3172 refulgent
923 3113 1039 3172 mysteria
1050 3113 1146 3162 divina.

182 3183 213 3230 ut
229 3183 297 3243 prius
314 3182 429 3241 lacrymis
447 3181 498 3228 suis
515 3180 606 3227 mortui
621 3182 711 3228 delicta
765 3181 867 3238 detine
877 3181 973 3229 invenit
988 3183 1014 3228 in
1024 3183 1265 3234 nohischristusar·

182 3251 285 3302 lavaret.
300 3250 350 3297 Sed
363 3251 428 3297 intra
438 3262 465 3297 se
476 3248 559 3306 flevit,
570 3249 596 3296 et
606 3250 666 3296 tavit
676 3250 712 3296 fa·
735 3251 836 3308 gentum
844 3282 851 3307 ‚
860 3250 925 3309 quod
933 3251 985 3309 ipse
993 3250 1131 3299 donaverit.
1140 3254 1265 3302 hahemus

183 3321 250 3370 ciem
267 3332 344 3368 suam.
360 3319 459 3367 cacitas
476 3319 560 3378 Pauli,
580 3318 653 3365 lictus
672 3320 710 3367 est
734 3319 829 3364 naturae
844 3312 986 3376 argentum,
997 3317 1117 3366 habemus
1133 3323 1160 3367 et
1170 3322 1265 3380 gratim.

182 3392 273 3439 Christi
285 3404 292 3436 :
304 3391 370 3438 lavat
380 3389 468 3436 faciem
479 3400 562 3448 suam,
571 3389 615 3434 uhi
625 3390 710 3436 lumen
735 3388 825 3434 Natura
832 3399 892 3446 opus
900 3387 937 3432 est
948 3387 1081 3432 creatoris:
1091 3389 1266 3444 gratiamuuus

184 3459 209 3505 ei
227 3460 356 3519 reparatur
376 3458 502 3506 amissum.
524 3458 601 3504 uarat
621 3457 710 3506 faciem
736 3458 774 3502 cst
786 3455 939 3502 redemtoris.
954 3455 1004 3500 Etsi
1017 3467 1066 3501 uon
1081 3468 1212 3513 possumus
1225 3459 1265 3504 ri·

183 3539 252 3573 suam
262 3529 385 3587 christus,
400 3529 443 3575 uhi
454 3528 590 3586 baptizatus
600 3529 637 3574 est
648 3529 710 3575 Pau·
735 3526 793 3573 dere
804 3525 865 3571 dona
876 3524 979 3583 Christi3
991 3524 1035 3570 ille
1045 3524 1129 3571 minen
1140 3526 1228 3586 donat,
1238 3531 1264 3575 et

182 3592 368 3654 lus‚perquem
376 3597 710 3656 Dominuslesusaplurihus
734 3595 850 3653 operatur
867 3593 977 3651 occulte,
999 3595 1026 3640 et
1043 3592 1118 3640 donat
1131 3596 1262 3643 omnihus:

181 3658 319 3706 videretur.
329 3664 358 3710 Et
369 3664 425 3709 ideo
435 3665 462 3710 in
470 3665 583 3711 convivio
592 3678 648 3724 pars
656 3666 711 3723 ejus
734 3663 777 3710 sed
787 3674 885 3709 serrare
895 3673 1028 3720 paucorum
1037 3660 1090 3719 est,
1100 3663 1183 3709 elnon
1191 3665 1264 3711 amit·

182 3726 372 3787 quintupliciter
385 3731 462 3787 major
476 3733 563 3780 cltecta
579 3734 629 3792 est,
645 3734 710 3793 quod
734 3732 795 3779 tere.
808 3733 860 3777 Nou
870 3731 982 3777 omnihus
992 3733 1075 3777 manen
1086 3730 1162 3778 donat
1171 3734 1263 3780 omnia.

182 3793 285 3840 haberet
295 3795 462 3851 superioribus
470 3800 710 3858 anteferri‚nonso·
732 3799 852 3846 Triticum
869 3798 953 3845 multis
971 3797 1058 3856 datur,
1075 3798 1185 3857 scyphus
1204 3801 1264 3858 uni,

182 3862 236 3910 lum
245 3862 336 3911 ruentis
346 3861 490 3922 prudentia,
500 3866 542 3910 sed
555 3869 630 3915 etiarn
642 3870 709 3917 mili-
733 3867 776 3925 qni
794 3867 939 3924 prophetico
956 3868 982 3914 et
997 3865 1143 3913 sacerdotali
1157 3866 1265 3915 donatur

104 3949 110 3961 ·
181 3931 345 3994 decerpam,
357 3932 382 3976 ct
392 3931 469 3989 gratia
479 3932 606 3981 eastitatis.
732 3945 845 3979 munere.
853 3933 905 3979 Non
913 3932 980 3978 euim
988 3945 1080 3991 omues,
1088 3934 1133 3981 sed
1140 3934 1265 3994 Propheta

732 3998 808 4046 dicit:
818 4000 918 4046 calicem
926 4003 1038 4050 salutm
1047 4005 1161 4064 accipiam
1169 4036 1178 4061 ,
1190 4007 1212 4051 et
1220 4018 1264 4052 no·

731 4080 784 4115 nien
795 4070 892 4118 Domini
899 4071 1019 4120 invocato.

401 4065 501 4075 0-
