<?xml version="1.0" encoding="UTF-8"?>
<!DOCTYPE html PUBLIC "-//W3C//DTD XHTML 1.0 Transitional//EN"
    "http://www.w3.org/TR/xhtml1/DTD/xhtml1-transitional.dtd">
<html xmlns="http://www.w3.org/1999/xhtml" xml:lang="en" lang="en">
 <head>
  <title>
</title>
<meta http-equiv="Content-Type" content="text/html;charset=utf-8" />
  <meta name='ocr-system' content='tesseract 3.04.00' />
  <meta name='ocr-capabilities' content='ocr_page ocr_carea ocr_par ocr_line ocrx_word'/>
</head>
<body>
  <div class='ocr_page' id='page_1' title='image "./operaomnia02ambrgoog/operaomnia02ambrgoog_0417.png"; bbox 0 0 2752 4806; ppageno 0'>
   <div class='ocr_carea' id='block_1_1' title="bbox 193 364 1289 514">
    <p class='ocr_par' dir='ltr' id='par_1_1' title="bbox 193 364 1289 514">
     <span class='ocr_line' id='line_1_1' title="bbox 193 364 1200 442; baseline -0.006 -28"><span class='ocrx_word' id='word_1_1' title='bbox 193 367 242 417; x_wconf 74' lang='lat' dir='ltr'><strong>&#39;ele</strong></span> <span class='ocrx_word' id='word_1_2' title='bbox 575 367 704 414; x_wconf 76' lang='lat' dir='ltr'><strong>seueri</strong></span> <span class='ocrx_word' id='word_1_3' title='bbox 722 364 893 414; x_wconf 74' lang='lat' dir='ltr'>AMBROSH</span> <span class='ocrx_word' id='word_1_4' title='bbox 1199 438 1200 442; x_wconf 10' lang='grc' dir='ltr'><strong>Ἰ</strong></span> 
     </span>
     <span class='ocr_line' id='line_1_2' title="bbox 195 444 1289 514; baseline -0.003 -17"><span class='ocrx_word' id='word_1_5' title='bbox 195 448 446 514; x_wconf 78' lang='lat' dir='ltr'><strong>tantejuslier·rqui</strong></span> <span class='ocrx_word' id='word_1_6' title='bbox 463 449 518 509; x_wconf 88' lang='lat' dir='ltr'><strong>plus</strong></span> <span class='ocrx_word' id='word_1_7' title='bbox 534 448 726 496; x_wconf 78' lang='lat' dir='ltr'><strong>babueritunde</strong></span> <span class='ocrx_word' id='word_1_8' title='bbox 752 449 858 508; x_wconf 81' lang='lat' dir='ltr'><strong>Paulus,</strong></span> <span class='ocrx_word' id='word_1_9' title='bbox 880 447 970 508; x_wconf 87' lang='lat' dir='ltr'><strong>quibus</strong></span> <span class='ocrx_word' id='word_1_10' title='bbox 994 444 1085 495; x_wconf 84' lang='lat' dir='ltr'><strong>dicitur</strong></span> <span class='ocrx_word' id='word_1_11' title='bbox 1109 447 1139 494; x_wconf 88' lang='lat' dir='ltr'><strong>ut</strong></span> <span class='ocrx_word' id='word_1_12' title='bbox 1163 445 1196 494; x_wconf 92' lang='lat' dir='ltr'><strong>ad</strong></span> <span class='ocrx_word' id='word_1_13' title='bbox 1223 445 1289 495; x_wconf 76' lang='lat' dir='ltr'><strong>vires</strong></span> 
     </span>
    </p>
   </div>
   <div class='ocr_carea' id='block_1_2' title="bbox 195 514 1287 786">
    <p class='ocr_par' dir='ltr' id='par_1_2' title="bbox 196 514 1286 646">
     <span class='ocr_line' id='line_1_3' title="bbox 197 514 1286 583; baseline -0.002 -19"><span class='ocrx_word' id='word_1_14' title='bbox 197 518 319 578; x_wconf 74' lang='lat' dir='ltr'><strong>ioeneret,</strong></span> <span class='ocrx_word' id='word_1_15' title='bbox 333 518 389 583; x_wconf 87' lang='lat' dir='ltr'><strong>ipse</strong></span> <span class='ocrx_word' id='word_1_16' title='bbox 397 516 446 564; x_wconf 85' lang='lat' dir='ltr'><strong>erit</strong></span> <span class='ocrx_word' id='word_1_17' title='bbox 458 517 556 576; x_wconf 81' lang='lat' dir='ltr'><strong>justior.</strong></span> <span class='ocrx_word' id='word_1_18' title='bbox 567 516 615 565; x_wconf 88' lang='lat' dir='ltr'><strong>Sed</strong></span> <span class='ocrx_word' id='word_1_19' title='bbox 625 516 726 565; x_wconf 81' lang='lat' dir='ltr'><strong>difficile</strong></span> <span class='ocrx_word' id='word_1_20' title='bbox 751 514 1219 577; x_wconf 71' lang='lat' dir='ltr'><strong>dadonemperperent.&#39;ddcernelium</strong></span> <span class='ocrx_word' id='word_1_21' title='bbox 1230 528 1286 563; x_wconf 88' lang='lat' dir='ltr'><strong>cen·</strong></span> 
     </span>
     <span class='ocr_line' id='line_1_4' title="bbox 196 584 1285 646; baseline -0.001 -13"><span class='ocrx_word' id='word_1_22' title='bbox 196 585 639 646; x_wconf 68' lang='lat' dir='ltr'><strong>diresiutretinrepnumeoeierunr.</strong></span> <span class='ocrx_word' id='word_1_23' title='bbox 751 587 875 636; x_wconf 81' lang='lat' dir='ltr'><strong>terionem</strong></span> <span class='ocrx_word' id='word_1_24' title='bbox 893 586 979 646; x_wconf 80' lang='lat' dir='ltr'><strong>Petro,</strong></span> <span class='ocrx_word' id='word_1_25' title='bbox 1000 584 1041 634; x_wconf 87' lang='lat' dir='ltr'><strong>eui</strong></span> <span class='ocrx_word' id='word_1_26' title='bbox 1057 584 1149 633; x_wconf 87' lang='lat' dir='ltr'><strong>dicitur</strong></span> <span class='ocrx_word' id='word_1_27' title='bbox 1167 587 1285 645; x_wconf 70' lang='lat' dir='ltr'><strong>isitres,</strong></span> 
     </span>
    </p>

    <p class='ocr_par' dir='ltr' id='par_1_3' title="bbox 195 652 1287 786">
     <span class='ocr_line' id='line_1_5' title="bbox 227 652 1287 714; baseline -0.004 -9"><span class='ocrx_word' id='word_1_28' title='bbox 227 654 266 705; x_wconf 85' lang='lat' dir='ltr'><strong>ee.</strong></span> <span class='ocrx_word' id='word_1_29' title='bbox 286 654 352 714; x_wconf 82' lang='lat' dir='ltr'>Quid</span> <span class='ocrx_word' id='word_1_30' title='bbox 364 661 427 714; x_wconf 70' lang='lat' dir='ltr'><strong>&#39;erpo</strong></span> <span class='ocrx_word' id='word_1_31' title='bbox 447 653 566 713; x_wconf 79' lang='lat' dir='ltr'><strong>teneret,</strong></span> <span class='ocrx_word' id='word_1_32' title='bbox 588 653 628 702; x_wconf 85' lang='lat' dir='ltr'><strong>dic</strong></span> <span class='ocrx_word' id='word_1_33' title='bbox 649 652 727 712; x_wconf 89' lang='lat' dir='ltr'><strong>mibi,</strong></span> <span class='ocrx_word' id='word_1_34' title='bbox 751 658 811 705; x_wconf 78' lang='lat' dir='ltr'><strong>code</strong></span> <span class='ocrx_word' id='word_1_35' title='bbox 829 656 888 703; x_wconf 79' lang='lat' dir='ltr'><strong>nibil</strong></span> <span class='ocrx_word' id='word_1_36' title='bbox 906 655 1155 714; x_wconf 58' lang='lat' dir='ltr'><strong>tentamentorum</strong></span> <span class='ocrx_word' id='word_1_37' title='bbox 1172 667 1215 714; x_wconf 75' lang='lat' dir='ltr'><strong>epe</strong></span> <span class='ocrx_word' id='word_1_38' title='bbox 1232 654 1287 700; x_wconf 76' lang='lat' dir='ltr'><strong>mei</strong></span> 
     </span>
     <span class='ocr_line' id='line_1_6' title="bbox 195 721 1284 786; baseline -0.004 -16"><span class='ocrx_word' id='word_1_39' title='bbox 195 722 283 770; x_wconf 88' lang='lat' dir='ltr'><strong>sancte</strong></span> <span class='ocrx_word' id='word_1_40' title='bbox 297 721 384 770; x_wconf 80' lang='lat' dir='ltr'><strong>David.</strong></span> <span class='ocrx_word' id='word_1_41' title='bbox 400 721 488 770; x_wconf 69' lang='lat' dir='ltr'><strong>cenes</strong></span> <span class='ocrx_word' id='word_1_42' title='bbox 502 733 543 769; x_wconf 86' lang='lat' dir='ltr'><strong>me</strong></span> <span class='ocrx_word' id='word_1_43' title='bbox 553 721 646 781; x_wconf 89' lang='lat' dir='ltr'><strong>pretuli</strong></span> <span class='ocrx_word' id='word_1_44' title='bbox 655 721 728 768; x_wconf 84' lang='lat' dir='ltr'><strong>testi·</strong></span> <span class='ocrx_word' id='word_1_45' title='bbox 752 725 819 786; x_wconf 79' lang='lat' dir='ltr'><strong>siles,·</strong></span> <span class='ocrx_word' id='word_1_46' title='bbox 831 726 853 772; x_wconf 88' lang='lat' dir='ltr'><strong>et</strong></span> <span class='ocrx_word' id='word_1_47' title='bbox 862 725 967 773; x_wconf 72' lang='lat' dir='ltr'><strong>mmcd</strong></span> <span class='ocrx_word' id='word_1_48' title='bbox 976 726 1000 772; x_wconf 86' lang='lat' dir='ltr'><strong>et</strong></span> <span class='ocrx_word' id='word_1_49' title='bbox 1016 724 1067 772; x_wconf 84' lang='lat' dir='ltr'><strong>leil.</strong></span> <span class='ocrx_word' id='word_1_50' title='bbox 1078 723 1107 771; x_wconf 84' lang='lat' dir='ltr'><strong>et</strong></span> <span class='ocrx_word' id='word_1_51' title='bbox 1123 721 1190 770; x_wconf 82' lang='lat' dir='ltr'><strong>inira</strong></span> <span class='ocrx_word' id='word_1_52' title='bbox 1201 721 1284 769; x_wconf 76' lang='lat' dir='ltr'><strong>dixit:</strong></span> 
     </span>
    </p>
   </div>
   <div class='ocr_carea' id='block_1_3' title="bbox 94 789 1286 854">
    <p class='ocr_par' dir='ltr' id='par_1_4' title="bbox 94 789 1286 854">
     <span class='ocr_line' id='line_1_7' title="bbox 94 789 1286 854; baseline 0 -16"><span class='ocrx_word' id='word_1_53' title='bbox 94 808 97 813; x_wconf 93' lang='lat'><em>·</em></span> <span class='ocrx_word' id='word_1_54' title='bbox 196 791 323 852; x_wconf 88' lang='lat' dir='ltr'><strong>menium,</strong></span> <span class='ocrx_word' id='word_1_55' title='bbox 341 790 391 838; x_wconf 91' lang='lat' dir='ltr'><strong>nisi</strong></span> <span class='ocrx_word' id='word_1_56' title='bbox 410 789 475 837; x_wconf 88' lang='lat' dir='ltr'><strong>mibi</strong></span> <span class='ocrx_word' id='word_1_57' title='bbox 493 790 619 838; x_wconf 75' lang='lat' dir='ltr'><strong>subvenis.</strong></span> <span class='ocrx_word' id='word_1_58' title='bbox 641 789 727 837; x_wconf 68' lang='lat' dir='ltr'><strong>Petrum</strong></span> <span class='ocrx_word' id='word_1_59' title='bbox 751 791 872 854; x_wconf 80' lang='lat' dir='ltr'><strong>Numquid</strong></span> <span class='ocrx_word' id='word_1_60' title='bbox 892 804 981 854; x_wconf 73' lang='lat' dir='ltr'><strong>eptem</strong></span> <span class='ocrx_word' id='word_1_61' title='bbox 993 793 1080 839; x_wconf 68' lang='lat' dir='ltr'><strong>eslere</strong></span> <span class='ocrx_word' id='word_1_62' title='bbox 1097 800 1242 852; x_wconf 63' lang='lat' dir='ltr'><strong>pomnen,</strong></span> <span class='ocrx_word' id='word_1_63' title='bbox 1257 803 1286 837; x_wconf 79' lang='lat' dir='ltr'><strong>ee</strong></span> 
     </span>
    </p>
   </div>
   <div class='ocr_carea' id='block_1_4' title="bbox 181 857 1349 2082">
    <p class='ocr_par' dir='ltr' id='par_1_5' title="bbox 181 857 1349 2017">
     <span class='ocr_line' id='line_1_8' title="bbox 181 857 1285 927; baseline -0.002 -19"><span class='ocrx_word' id='word_1_64' title='bbox 181 923 183 927; x_wconf 10' lang='grc' dir='ltr'><strong>λ</strong></span> <span class='ocrx_word' id='word_1_65' title='bbox 195 859 296 908; x_wconf 87' lang='lat' dir='ltr'><strong>dicebat</strong></span> <span class='ocrx_word' id='word_1_66' title='bbox 306 857 483 921; x_wconf 63' lang='lat' dir='ltr'><strong>theceiemet</strong></span> <span class='ocrx_word' id='word_1_67' title='bbox 493 871 580 906; x_wconf 77' lang='lat' dir='ltr'><strong>eurem</strong></span> <span class='ocrx_word' id='word_1_68' title='bbox 587 867 635 906; x_wconf 79' lang='lat' dir='ltr'><strong>sien</strong></span> <span class='ocrx_word' id='word_1_69' title='bbox 643 857 726 916; x_wconf 81' lang='lat' dir='ltr'><strong>belse,</strong></span> <span class='ocrx_word' id='word_1_70' title='bbox 753 861 904 925; x_wconf 62' lang='lat' dir='ltr'><strong>baptizantes</strong></span> <span class='ocrx_word' id='word_1_71' title='bbox 911 863 942 919; x_wconf 90' lang='lat' dir='ltr'><strong>il,</strong></span> <span class='ocrx_word' id='word_1_72' title='bbox 952 862 996 922; x_wconf 79' lang='lat' dir='ltr'><strong>eei</strong></span> <span class='ocrx_word' id='word_1_73' title='bbox 1003 861 1118 921; x_wconf 80' lang='lat' dir='ltr'><strong>spiritum</strong></span> <span class='ocrx_word' id='word_1_74' title='bbox 1125 862 1237 908; x_wconf 62' lang='lat' dir='ltr'><strong>mmmm</strong></span> <span class='ocrx_word' id='word_1_75' title='bbox 1245 873 1285 906; x_wconf 86' lang='lat' dir='ltr'><strong>ee-</strong></span> 
     </span>
     <span class='ocr_line' id='line_1_9' title="bbox 195 925 1285 991; baseline -0.005 -15"><span class='ocrx_word' id='word_1_76' title='bbox 195 925 727 988; x_wconf 65' lang='lat' dir='ltr'><strong>numqeidneneratjmtustbumibierre</strong></span> <span class='ocrx_word' id='word_1_77' title='bbox 745 929 1064 991; x_wconf 66' lang='lat' dir='ltr'><strong>*cepnerdilussiteueees</strong></span> <span class='ocrx_word' id='word_1_78' title='bbox 1082 926 1216 988; x_wconf 77' lang='lat' dir='ltr'><strong>baptisari.</strong></span> <span class='ocrx_word' id='word_1_79' title='bbox 1235 926 1285 972; x_wconf 82' lang='lat' dir='ltr'><strong>iles</strong></span> 
     </span>
     <span class='ocr_line' id='line_1_10' title="bbox 196 993 1284 1057; baseline -0.004 -13"><span class='ocrx_word' id='word_1_80' title='bbox 196 1008 297 1057; x_wconf 79' lang='lat' dir='ltr'><strong>expone</strong></span> <span class='ocrx_word' id='word_1_81' title='bbox 316 996 377 1057; x_wconf 82' lang='lat' dir='ltr'><strong>quid</strong></span> <span class='ocrx_word' id='word_1_82' title='bbox 397 995 511 1045; x_wconf 81' lang='lat' dir='ltr'><strong>ioeueret.</strong></span> <span class='ocrx_word' id='word_1_83' title='bbox 529 993 621 1043; x_wconf 78' lang='lat' dir='ltr'><strong>Dixisti</strong></span> <span class='ocrx_word' id='word_1_84' title='bbox 640 993 726 1043; x_wconf 85' lang='lat' dir='ltr'><strong>enim:</strong></span> <span class='ocrx_word' id='word_1_85' title='bbox 753 998 790 1046; x_wconf 88' lang='lat' dir='ltr'><strong>est</strong></span> <span class='ocrx_word' id='word_1_86' title='bbox 802 1010 809 1044; x_wconf 88' lang='lat'><em>=</em></span> <span class='ocrx_word' id='word_1_87' title='bbox 821 997 962 1045; x_wconf 81' lang='lat' dir='ltr'><strong>Foeuerabis</strong></span> <span class='ocrx_word' id='word_1_88' title='bbox 981 995 1116 1056; x_wconf 70' lang='lat' dir='ltr'><strong>gentibue,</strong></span> <span class='ocrx_word' id='word_1_89' title='bbox 1136 995 1167 1043; x_wconf 90' lang='lat' dir='ltr'><strong>ut</strong></span> <span class='ocrx_word' id='word_1_90' title='bbox 1183 993 1284 1052; x_wconf 77' lang='lat' dir='ltr'><strong>peecata</strong></span> 
     </span>
     <span class='ocr_line' id='line_1_11' title="bbox 196 1062 1284 1127; baseline -0.007 -12"><span class='ocrx_word' id='word_1_91' title='bbox 196 1068 285 1115; x_wconf 79' lang='lat' dir='ltr'><strong>Decies</strong></span> <span class='ocrx_word' id='word_1_92' title='bbox 298 1067 337 1114; x_wconf 78' lang='lat' dir='ltr'><strong>eie</strong></span> <span class='ocrx_word' id='word_1_93' title='bbox 350 1067 392 1127; x_wconf 76' lang='lat' dir='ltr'><strong>eei</strong></span> <span class='ocrx_word' id='word_1_94' title='bbox 407 1067 530 1114; x_wconf 72' lang='lat' dir='ltr'><strong>miteretur</strong></span> <span class='ocrx_word' id='word_1_95' title='bbox 540 1067 563 1112; x_wconf 87' lang='lat' dir='ltr'><strong>el</strong></span> <span class='ocrx_word' id='word_1_96' title='bbox 580 1065 726 1121; x_wconf 65' lang='lat' dir='ltr'><strong>condent,</strong></span> <span class='ocrx_word' id='word_1_97' title='bbox 752 1065 877 1127; x_wconf 84' lang='lat' dir='ltr'><strong>dimittes,</strong></span> <span class='ocrx_word' id='word_1_98' title='bbox 887 1065 1075 1114; x_wconf 77' lang='lat' dir='ltr'><strong>debiteeuier&#39;as</strong></span> <span class='ocrx_word' id='word_1_99' title='bbox 1085 1077 1093 1110; x_wconf 79' lang='lat' dir='ltr'><em>z</em></span> <span class='ocrx_word' id='word_1_100' title='bbox 1105 1062 1284 1110; x_wconf 77' lang='lat' dir='ltr'><strong>tuentemnou</strong></span> 
     </span>
     <span class='ocr_line' id='line_1_12' title="bbox 196 1127 1349 1196; baseline -0.002 -14"><span class='ocrx_word' id='word_1_101' title='bbox 196 1127 422 1196; x_wconf 55' lang='lat' dir='ltr'><strong>&amp;monetmonet</strong></span> <span class='ocrx_word' id='word_1_102' title='bbox 431 1134 521 1184; x_wconf 70' lang='lat' dir='ltr'><strong>sene</strong></span> <span class='ocrx_word' id='word_1_103' title='bbox 530 1134 626 1193; x_wconf 63' lang='lat' dir='ltr'><strong>selide.</strong></span> <span class='ocrx_word' id='word_1_104' title='bbox 638 1132 727 1181; x_wconf 80' lang='lat' dir='ltr'><strong>lneeui</strong></span> <span class='ocrx_word' id='word_1_105' title='bbox 752 1134 914 1183; x_wconf 73' lang='lat' dir='ltr'><strong>mutuaberis.</strong></span> <span class='ocrx_word' id='word_1_106' title='bbox 928 1131 1060 1182; x_wconf 76' lang='lat' dir='ltr'><strong>dubietur·</strong></span> <span class='ocrx_word' id='word_1_107' title='bbox 1073 1131 1144 1180; x_wconf 74' lang='lat' dir='ltr'><strong>suun</strong></span> <span class='ocrx_word' id='word_1_108' title='bbox 1158 1129 1284 1190; x_wconf 80' lang='lat' dir='ltr'><strong>peccator,</strong></span> <span class='ocrx_word' id='word_1_109' title='bbox 1346 1173 1349 1180; x_wconf 90' lang='lat'>.</span> 
     </span>
     <span class='ocr_line' id='line_1_13' title="bbox 196 1199 1286 1263; baseline -0.005 -13"><span class='ocrx_word' id='word_1_110' title='bbox 196 1202 257 1263; x_wconf 90' lang='lat' dir='ltr'><strong>quid</strong></span> <span class='ocrx_word' id='word_1_111' title='bbox 267 1200 371 1251; x_wconf 75' lang='lat' dir='ltr'><strong>teneret</strong></span> <span class='ocrx_word' id='word_1_112' title='bbox 379 1202 469 1262; x_wconf 72' lang='lat' dir='ltr'><strong>iustus.</strong></span> <span class='ocrx_word' id='word_1_113' title='bbox 478 1203 564 1250; x_wconf 81' lang='lat' dir='ltr'><strong>Petrus</strong></span> <span class='ocrx_word' id='word_1_114' title='bbox 574 1213 672 1262; x_wconf 71' lang='lat' dir='ltr'><strong>queqm</strong></span> <span class='ocrx_word' id='word_1_115' title='bbox 686 1211 727 1248; x_wconf 86' lang='lat' dir='ltr'><strong>me</strong></span> <span class='ocrx_word' id='word_1_116' title='bbox 745 1202 835 1251; x_wconf 80' lang='lat' dir='ltr'><strong>einen</strong></span> <span class='ocrx_word' id='word_1_117' title='bbox 843 1199 1286 1263; x_wconf 63' lang='lat' dir='ltr'><strong>selretpeecatasuerquiepeeeater</strong></span> 
     </span>
     <span class='ocr_line' id='line_1_14' title="bbox 196 1266 1286 1332; baseline -0.006 -13"><span class='ocrx_word' id='word_1_118' title='bbox 196 1271 283 1320; x_wconf 82' lang='lat' dir='ltr'><strong>deerat</strong></span> <span class='ocrx_word' id='word_1_119' title='bbox 294 1273 321 1321; x_wconf 89' lang='lat' dir='ltr'><strong>et</strong></span> <span class='ocrx_word' id='word_1_120' title='bbox 334 1272 393 1332; x_wconf 51' lang='lat' dir='ltr'><strong>ipse*</strong></span> <span class='ocrx_word' id='word_1_121' title='bbox 404 1271 465 1331; x_wconf 75' lang='lat' dir='ltr'><strong>quid</strong></span> <span class='ocrx_word' id='word_1_122' title='bbox 475 1269 594 1330; x_wconf 60' lang='lat' dir='ltr'><strong>moeret,</strong></span> <span class='ocrx_word' id='word_1_123' title='bbox 604 1270 648 1331; x_wconf 87' lang='lat' dir='ltr'><strong>qui</strong></span> <span class='ocrx_word' id='word_1_124' title='bbox 660 1269 727 1317; x_wconf 79' lang='lat' dir='ltr'><strong>dixit</strong></span> <span class='ocrx_word' id='word_1_125' title='bbox 753 1272 880 1320; x_wconf 84' lang='lat' dir='ltr'><strong>est.Paule</strong></span> <span class='ocrx_word' id='word_1_126' title='bbox 891 1268 1146 1320; x_wconf 73' lang='lat' dir='ltr'><strong>diciturtioenerabis</strong></span> <span class='ocrx_word' id='word_1_127' title='bbox 1157 1266 1286 1327; x_wconf 66' lang='lat' dir='ltr'><strong>gentibue</strong></span> 
     </span>
     <span class='ocr_line' id='line_1_15' title="bbox 196 1333 1319 1401; baseline -0.006 -14"><span class='ocrx_word' id='word_1_128' title='bbox 196 1341 265 1401; x_wconf 90' lang='lat' dir='ltr'><strong>inopi</strong></span> <span class='ocrx_word' id='word_1_129' title='bbox 277 1337 424 1389; x_wconf 88' lang='lat' dir='ltr'><strong>adtendenti</strong></span> <span class='ocrx_word' id='word_1_130' title='bbox 430 1340 493 1391; x_wconf 89' lang='lat' dir='ltr'><strong>adse</strong></span> <span class='ocrx_word' id='word_1_131' title='bbox 501 1340 528 1388; x_wconf 86' lang='lat' dir='ltr'><strong>et</strong></span> <span class='ocrx_word' id='word_1_132' title='bbox 537 1340 725 1388; x_wconf 85' lang='lat' dir='ltr'><strong>adlebannem:</strong></span> <span class='ocrx_word' id='word_1_133' title='bbox 752 1339 796 1399; x_wconf 90' lang='lat' dir='ltr'><strong>qui</strong></span> <span class='ocrx_word' id='word_1_134' title='bbox 806 1340 895 1388; x_wconf 89' lang='lat' dir='ltr'><strong>missus</strong></span> <span class='ocrx_word' id='word_1_135' title='bbox 904 1341 942 1388; x_wconf 90' lang='lat' dir='ltr'><strong>est</strong></span> <span class='ocrx_word' id='word_1_136' title='bbox 951 1339 982 1386; x_wconf 86' lang='lat' dir='ltr'><strong>ad</strong></span> <span class='ocrx_word' id='word_1_137' title='bbox 992 1338 1080 1399; x_wconf 72' lang='lat' dir='ltr'><strong>pentes</strong></span> <span class='ocrx_word' id='word_1_138' title='bbox 1088 1334 1217 1384; x_wconf 74' lang='lat' dir='ltr'><strong>rtebanni</strong></span> <span class='ocrx_word' id='word_1_139' title='bbox 1225 1333 1285 1382; x_wconf 86' lang='lat' dir='ltr'><strong>diei·</strong></span> <span class='ocrx_word' id='word_1_140' title='bbox 1316 1382 1319 1388; x_wconf 74' lang='grc'><strong>,</strong></span> 
     </span>
     <span class='ocr_line' id='line_1_16' title="bbox 197 1402 1287 1468; baseline -0.006 -13"><span class='ocrx_word' id='word_1_141' title='bbox 197 1408 327 1468; x_wconf 66' lang='lat' dir='ltr'><strong>Ardentem</strong></span> <span class='ocrx_word' id='word_1_142' title='bbox 346 1406 475 1456; x_wconf 80' lang='lat' dir='ltr'><strong>et&#39;eerem</strong></span> <span class='ocrx_word' id='word_1_143' title='bbox 492 1419 541 1455; x_wconf 76' lang='lat' dir='ltr'><strong>een</strong></span> <span class='ocrx_word' id='word_1_144' title='bbox 559 1408 642 1456; x_wconf 82' lang='lat' dir='ltr'><strong>bebee.</strong></span> <span class='ocrx_word' id='word_1_145' title='bbox 657 1407 727 1454; x_wconf 82' lang='lat' dir='ltr'><strong>Nihil</strong></span> <span class='ocrx_word' id='word_1_146' title='bbox 753 1407 794 1456; x_wconf 91' lang='lat' dir='ltr'><strong>tur</strong></span> <span class='ocrx_word' id='word_1_147' title='bbox 806 1421 812 1454; x_wconf 93' lang='lat'><strong>:</strong></span> <span class='ocrx_word' id='word_1_148' title='bbox 824 1408 964 1457; x_wconf 65' lang='lat' dir='ltr'><strong>foenerabis</strong></span> <span class='ocrx_word' id='word_1_149' title='bbox 980 1406 1095 1468; x_wconf 67' lang='lat' dir='ltr'><strong>gentibus</strong></span> <span class='ocrx_word' id='word_1_150' title='bbox 1111 1404 1245 1462; x_wconf 74' lang='lat' dir='ltr'><strong>edocebo,</strong></span> <span class='ocrx_word' id='word_1_151' title='bbox 1262 1402 1287 1449; x_wconf 88' lang='lat' dir='ltr'><strong>et</strong></span> 
     </span>
     <span class='ocr_line' id='line_1_17' title="bbox 196 1472 1286 1536; baseline -0.003 -15"><span class='ocrx_word' id='word_1_152' title='bbox 196 1486 256 1535; x_wconf 66' lang='lat' dir='ltr'><strong>erpo</strong></span> <span class='ocrx_word' id='word_1_153' title='bbox 269 1474 339 1522; x_wconf 88' lang='lat' dir='ltr'><strong>dabis</strong></span> <span class='ocrx_word' id='word_1_154' title='bbox 353 1475 471 1535; x_wconf 88' lang='lat' dir='ltr'><strong>pauperi,</strong></span> <span class='ocrx_word' id='word_1_155' title='bbox 491 1474 614 1536; x_wconf 79' lang='lat' dir='ltr'><strong>apostole!</strong></span> <span class='ocrx_word' id='word_1_156' title='bbox 624 1477 673 1523; x_wconf 85' lang='lat' dir='ltr'><strong>Dus</strong></span> <span class='ocrx_word' id='word_1_157' title='bbox 690 1477 728 1524; x_wconf 88' lang='lat' dir='ltr'><strong>ta-</strong></span> <span class='ocrx_word' id='word_1_158' title='bbox 754 1477 849 1525; x_wconf 89' lang='lat' dir='ltr'><strong>eaeteris</strong></span> <span class='ocrx_word' id='word_1_159' title='bbox 876 1477 967 1525; x_wconf 89' lang='lat' dir='ltr'><strong>dieitur</strong></span> <span class='ocrx_word' id='word_1_160' title='bbox 984 1489 994 1523; x_wconf 79' lang='lat' dir='ltr'><strong>s</strong></span> <span class='ocrx_word' id='word_1_161' title='bbox 1013 1473 1179 1523; x_wconf 85' lang='lat' dir='ltr'><strong>Foenerabitis</strong></span> <span class='ocrx_word' id='word_1_162' title='bbox 1206 1472 1286 1533; x_wconf 71' lang='lat' dir='ltr'><strong>genti·</strong></span> 
     </span>
     <span class='ocr_line' id='line_1_18' title="bbox 196 1542 1287 1606; baseline 0.002 -18"><span class='ocrx_word' id='word_1_163' title='bbox 196 1543 373 1603; x_wconf 82' lang='lat' dir='ltr'><strong>rnen,etplus</strong></span> <span class='ocrx_word' id='word_1_164' title='bbox 383 1543 426 1589; x_wconf 86' lang='lat' dir='ltr'><strong>das</strong></span> <span class='ocrx_word' id='word_1_165' title='bbox 435 1554 508 1602; x_wconf 86' lang='lat' dir='ltr'><strong>quam</strong></span> <span class='ocrx_word' id='word_1_166' title='bbox 523 1542 566 1589; x_wconf 88' lang='lat' dir='ltr'><strong>elii</strong></span> <span class='ocrx_word' id='word_1_167' title='bbox 576 1556 583 1588; x_wconf 87' lang='lat'><em>=</em></span> <span class='ocrx_word' id='word_1_168' title='bbox 592 1543 636 1591; x_wconf 82' lang='lat' dir='ltr'><strong>dus</strong></span> <span class='ocrx_word' id='word_1_169' title='bbox 645 1542 726 1602; x_wconf 88' lang='lat' dir='ltr'><strong>inopi,</strong></span> <span class='ocrx_word' id='word_1_170' title='bbox 753 1545 913 1606; x_wconf 75' lang='lat' dir='ltr'><strong>busequibus</strong></span> <span class='ocrx_word' id='word_1_171' title='bbox 927 1545 1022 1595; x_wconf 90' lang='lat' dir='ltr'><strong>dictum</strong></span> <span class='ocrx_word' id='word_1_172' title='bbox 1036 1544 1089 1592; x_wconf 81' lang='lat' dir='ltr'><strong>esta</strong></span> <span class='ocrx_word' id='word_1_173' title='bbox 1103 1546 1155 1601; x_wconf 85' lang='lat' dir='ltr'><strong>lle,</strong></span> <span class='ocrx_word' id='word_1_174' title='bbox 1170 1542 1287 1604; x_wconf 69' lang='lat' dir='ltr'><strong>teuent</strong></span> 
     </span>
     <span class='ocr_line' id='line_1_19' title="bbox 196 1610 837 1674; baseline 0.009 -18"><span class='ocrx_word' id='word_1_175' title='bbox 196 1610 263 1670; x_wconf 81' lang='lat' dir='ltr'><strong>qued</strong></span> <span class='ocrx_word' id='word_1_176' title='bbox 273 1611 318 1658; x_wconf 89' lang='lat' dir='ltr'><strong>alii</strong></span> <span class='ocrx_word' id='word_1_177' title='bbox 330 1611 388 1659; x_wconf 87' lang='lat' dir='ltr'><strong>dare</strong></span> <span class='ocrx_word' id='word_1_178' title='bbox 399 1623 449 1659; x_wconf 88' lang='lat' dir='ltr'><strong>neu</strong></span> <span class='ocrx_word' id='word_1_179' title='bbox 460 1611 560 1671; x_wconf 78' lang='lat' dir='ltr'><strong>possunt</strong></span> <span class='ocrx_word' id='word_1_180' title='bbox 572 1623 582 1658; x_wconf 76' lang='lat' dir='ltr'><strong>a</strong></span> <span class='ocrx_word' id='word_1_181' title='bbox 592 1611 637 1659; x_wconf 83' lang='lat' dir='ltr'><strong>dus</strong></span> <span class='ocrx_word' id='word_1_182' title='bbox 644 1611 726 1671; x_wconf 91' lang='lat' dir='ltr'><strong>inopi,</strong></span> <span class='ocrx_word' id='word_1_183' title='bbox 753 1617 837 1674; x_wconf 76' lang='lat' dir='ltr'><strong>pentes.</strong></span> 
     </span>
     <span class='ocr_line' id='line_1_20' title="bbox 196 1678 1286 1742; baseline 0 -16"><span class='ocrx_word' id='word_1_184' title='bbox 196 1678 253 1739; x_wconf 86' lang='lat' dir='ltr'><strong>pest</strong></span> <span class='ocrx_word' id='word_1_185' title='bbox 262 1680 327 1738; x_wconf 85' lang='lat' dir='ltr'><strong>quod</strong></span> <span class='ocrx_word' id='word_1_186' title='bbox 338 1691 410 1740; x_wconf 74' lang='lat' dir='ltr'><strong>egere</strong></span> <span class='ocrx_word' id='word_1_187' title='bbox 420 1692 469 1727; x_wconf 88' lang='lat' dir='ltr'><strong>nen</strong></span> <span class='ocrx_word' id='word_1_188' title='bbox 480 1680 557 1740; x_wconf 85' lang='lat' dir='ltr'><strong>possit</strong></span> <span class='ocrx_word' id='word_1_189' title='bbox 567 1693 574 1726; x_wconf 83' lang='lat' dir='ltr'><strong>a</strong></span> <span class='ocrx_word' id='word_1_190' title='bbox 586 1678 629 1726; x_wconf 89' lang='lat' dir='ltr'><strong>das</strong></span> <span class='ocrx_word' id='word_1_191' title='bbox 640 1679 709 1740; x_wconf 94' lang='lat' dir='ltr'><strong>inopi</strong></span> <span class='ocrx_word' id='word_1_192' title='bbox 719 1713 726 1739; x_wconf 88' lang='lat'><strong>,</strong></span> <span class='ocrx_word' id='word_1_193' title='bbox 782 1680 822 1728; x_wconf 72' lang='lat'><strong>62.</strong></span> <span class='ocrx_word' id='word_1_194' title='bbox 834 1681 933 1730; x_wconf 76' lang='lat' dir='ltr'><strong>Dicitur</strong></span> <span class='ocrx_word' id='word_1_195' title='bbox 942 1678 1032 1742; x_wconf 88' lang='lat' dir='ltr'><strong>popule</strong></span> <span class='ocrx_word' id='word_1_196' title='bbox 1041 1681 1142 1741; x_wconf 87' lang='lat' dir='ltr'><strong>patrum</strong></span> <span class='ocrx_word' id='word_1_197' title='bbox 1154 1692 1162 1726; x_wconf 75' lang='lat' dir='ltr'><strong>r</strong></span> <span class='ocrx_word' id='word_1_198' title='bbox 1174 1680 1203 1727; x_wconf 81' lang='lat' dir='ltr'><strong>Si</strong></span> <span class='ocrx_word' id='word_1_199' title='bbox 1210 1681 1286 1726; x_wconf 72' lang='lat' dir='ltr'><strong>cusw-</strong></span> 
     </span>
     <span class='ocr_line' id='line_1_21' title="bbox 197 1747 1287 1810; baseline 0 -16"><span class='ocrx_word' id='word_1_200' title='bbox 197 1747 264 1807; x_wconf 89' lang='lat' dir='ltr'><strong>qued</strong></span> <span class='ocrx_word' id='word_1_201' title='bbox 281 1749 356 1795; x_wconf 81' lang='lat' dir='ltr'><strong>etiem</strong></span> <span class='ocrx_word' id='word_1_202' title='bbox 367 1749 458 1796; x_wconf 67' lang='lat' dir='ltr'><strong>diebos</strong></span> <span class='ocrx_word' id='word_1_203' title='bbox 468 1750 581 1809; x_wconf 74' lang='lat' dir='ltr'><strong>accipere</strong></span> <span class='ocrx_word' id='word_1_204' title='bbox 599 1749 728 1810; x_wconf 85' lang='lat' dir='ltr'><strong>eoncupis-</strong></span> <span class='ocrx_word' id='word_1_205' title='bbox 753 1752 823 1799; x_wconf 81' lang='lat' dir='ltr'><strong>lieris</strong></span> <span class='ocrx_word' id='word_1_206' title='bbox 840 1755 956 1800; x_wconf 84' lang='lat' dir='ltr'><strong>meelate</strong></span> <span class='ocrx_word' id='word_1_207' title='bbox 969 1753 1027 1808; x_wconf 86' lang='lat' dir='ltr'><strong>Dei,</strong></span> <span class='ocrx_word' id='word_1_208' title='bbox 1039 1752 1172 1798; x_wconf 77' lang='lat' dir='ltr'><strong>bemdictee</strong></span> <span class='ocrx_word' id='word_1_209' title='bbox 1187 1750 1251 1805; x_wconf 88' lang='lat' dir='ltr'><strong>eris,</strong></span> <span class='ocrx_word' id='word_1_210' title='bbox 1265 1749 1287 1795; x_wconf 86' lang='lat' dir='ltr'><strong>el</strong></span> 
     </span>
     <span class='ocr_line' id='line_1_22' title="bbox 196 1814 1286 1881; baseline -0.002 -18"><span class='ocrx_word' id='word_1_211' title='bbox 196 1814 259 1863; x_wconf 86' lang='lat' dir='ltr'><strong>eunt</strong></span> <span class='ocrx_word' id='word_1_212' title='bbox 270 1829 277 1861; x_wconf 73' lang='grc' dir='ltr'><em>τ</em></span> <span class='ocrx_word' id='word_1_213' title='bbox 290 1816 333 1864; x_wconf 87' lang='lat' dir='ltr'><strong>das</strong></span> <span class='ocrx_word' id='word_1_214' title='bbox 348 1817 430 1877; x_wconf 90' lang='lat' dir='ltr'><strong>inopi,</strong></span> <span class='ocrx_word' id='word_1_215' title='bbox 441 1817 507 1878; x_wconf 81' lang='lat' dir='ltr'><strong>qised</strong></span> <span class='ocrx_word' id='word_1_216' title='bbox 523 1818 542 1864; x_wconf 92' lang='lat' dir='ltr'><strong>ii</strong></span> <span class='ocrx_word' id='word_1_217' title='bbox 552 1817 595 1878; x_wconf 87' lang='lat' dir='ltr'><strong>qui</strong></span> <span class='ocrx_word' id='word_1_218' title='bbox 605 1817 671 1870; x_wconf 83' lang='lat' dir='ltr'><strong>istud</strong></span> <span class='ocrx_word' id='word_1_219' title='bbox 688 1830 728 1864; x_wconf 79' lang='lat' dir='ltr'><strong>er-</strong></span> <span class='ocrx_word' id='word_1_220' title='bbox 753 1820 878 1878; x_wconf 73' lang='lat' dir='ltr'><strong>feneretis</strong></span> <span class='ocrx_word' id='word_1_221' title='bbox 887 1820 991 1881; x_wconf 76' lang='lat' dir='ltr'><strong>pestibus</strong></span> <span class='ocrx_word' id='word_1_222' title='bbox 998 1819 1102 1867; x_wconf 65' lang='lat' dir='ltr'><strong>endem.</strong></span> <span class='ocrx_word' id='word_1_223' title='bbox 1112 1817 1231 1877; x_wconf 87' lang='lat' dir='ltr'><strong>Denique</strong></span> <span class='ocrx_word' id='word_1_224' title='bbox 1239 1827 1286 1862; x_wconf 90' lang='lat' dir='ltr'><strong>nen</strong></span> 
     </span>
     <span class='ocr_line' id='line_1_23' title="bbox 197 1883 1285 1948; baseline -0.002 -19"><span class='ocrx_word' id='word_1_225' title='bbox 197 1884 299 1942; x_wconf 72' lang='lat' dir='ltr'><strong>pentum</strong></span> <span class='ocrx_word' id='word_1_226' title='bbox 311 1884 337 1932; x_wconf 89' lang='lat' dir='ltr'><strong>et</strong></span> <span class='ocrx_word' id='word_1_227' title='bbox 346 1897 434 1933; x_wconf 88' lang='lat' dir='ltr'><strong>aurum</strong></span> <span class='ocrx_word' id='word_1_228' title='bbox 442 1886 548 1946; x_wconf 86' lang='lat' dir='ltr'><strong>babent,</strong></span> <span class='ocrx_word' id='word_1_229' title='bbox 557 1885 668 1932; x_wconf 82' lang='lat' dir='ltr'><strong>conterre</strong></span> <span class='ocrx_word' id='word_1_230' title='bbox 678 1898 727 1932; x_wconf 91' lang='lat' dir='ltr'><strong>nen</strong></span> <span class='ocrx_word' id='word_1_231' title='bbox 753 1887 783 1934; x_wconf 89' lang='lat' dir='ltr'><strong>de</strong></span> <span class='ocrx_word' id='word_1_232' title='bbox 794 1887 900 1947; x_wconf 84' lang='lat' dir='ltr'><strong>peeimie</strong></span> <span class='ocrx_word' id='word_1_233' title='bbox 910 1887 968 1948; x_wconf 87' lang='lat' dir='ltr'><strong>diei</strong></span> <span class='ocrx_word' id='word_1_234' title='bbox 987 1886 1127 1946; x_wconf 74' lang='lat' dir='ltr'><strong>significent</strong></span> <span class='ocrx_word' id='word_1_235' title='bbox 1136 1883 1266 1944; x_wconf 87' lang='lat' dir='ltr'><strong>sequentia</strong></span> <span class='ocrx_word' id='word_1_236' title='bbox 1277 1894 1285 1927; x_wconf 76' lang='lat' dir='ltr'><strong>r</strong></span> 
     </span>
     <span class='ocr_line' id='line_1_24' title="bbox 197 1952 1286 2017; baseline 0.002 -19"><span class='ocrx_word' id='word_1_237' title='bbox 197 1952 327 2012; x_wconf 58' lang='lat' dir='ltr'><strong>treveriren</strong></span> <span class='ocrx_word' id='word_1_238' title='bbox 342 1954 400 2014; x_wconf 85' lang='lat' dir='ltr'><strong>quie</strong></span> <span class='ocrx_word' id='word_1_239' title='bbox 415 1954 520 2001; x_wconf 72' lang='lat' dir='ltr'><strong>nomilia</strong></span> <span class='ocrx_word' id='word_1_240' title='bbox 539 1966 581 2001; x_wconf 90' lang='lat' dir='ltr'><strong>ees</strong></span> <span class='ocrx_word' id='word_1_241' title='bbox 602 1954 726 2014; x_wconf 85' lang='lat' dir='ltr'><strong>impedit:</strong></span> <span class='ocrx_word' id='word_1_242' title='bbox 751 1958 864 2017; x_wconf 77' lang='lat' dir='ltr'><strong>Princeps</strong></span> <span class='ocrx_word' id='word_1_243' title='bbox 878 1956 1039 2016; x_wconf 66' lang='lat' dir='ltr'><strong>credentibus</strong></span> <span class='ocrx_word' id='word_1_244' title='bbox 1050 1955 1150 2002; x_wconf 65' lang='lat' dir='ltr'><strong>mdes.-</strong></span> <span class='ocrx_word' id='word_1_245' title='bbox 1159 1953 1286 2001; x_wconf 60' lang='lat' dir='ltr'><strong>&amp;bienna</strong></span> 
     </span>
    </p>

    <p class='ocr_par' dir='ltr' id='par_1_6' title="bbox 182 2020 1288 2082">
     <span class='ocr_line' id='line_1_25' title="bbox 182 2020 1288 2082; baseline -0.001 -14"><span class='ocrx_word' id='word_1_246' title='bbox 182 2020 241 2068; x_wconf 80' lang='lat' dir='ltr'><strong>=des</strong></span> <span class='ocrx_word' id='word_1_247' title='bbox 256 2020 338 2082; x_wconf 87' lang='lat' dir='ltr'><strong>inopi,</strong></span> <span class='ocrx_word' id='word_1_248' title='bbox 349 2022 393 2082; x_wconf 91' lang='lat' dir='ltr'><strong>qui</strong></span> <span class='ocrx_word' id='word_1_249' title='bbox 409 2024 445 2071; x_wconf 91' lang='lat' dir='ltr'><strong>eis</strong></span> <span class='ocrx_word' id='word_1_250' title='bbox 463 2021 583 2077; x_wconf 81' lang='lat' dir='ltr'><strong>divitibus</strong></span> <span class='ocrx_word' id='word_1_251' title='bbox 598 2022 675 2071; x_wconf 86' lang='lat' dir='ltr'><strong>iacias</strong></span> <span class='ocrx_word' id='word_1_252' title='bbox 690 2022 727 2070; x_wconf 93' lang='lat' dir='ltr'><strong>di·</strong></span> <span class='ocrx_word' id='word_1_253' title='bbox 753 2037 820 2072; x_wconf 82' lang='lat' dir='ltr'><strong>nemo</strong></span> <span class='ocrx_word' id='word_1_254' title='bbox 829 2025 996 2073; x_wconf 76' lang='lat' dir='ltr'><strong>dominabitur.</strong></span> <span class='ocrx_word' id='word_1_255' title='bbox 1005 2022 1288 2072; x_wconf 76' lang='lat' dir='ltr'><strong>Censtiteeltelleminus</strong></span> 
     </span>
    </p>
   </div>
   <div class='ocr_carea' id='block_1_5' title="bbox 123 2088 1287 2153">
    <p class='ocr_par' dir='ltr' id='par_1_7' title="bbox 123 2088 1287 2153">
     <span class='ocr_line' id='line_1_26' title="bbox 123 2088 1287 2153; baseline -0.001 -18"><span class='ocrx_word' id='word_1_256' title='bbox 123 2088 128 2098; x_wconf 97' lang='lat'><em>&#39;</em></span> <span class='ocrx_word' id='word_1_257' title='bbox 197 2089 297 2138; x_wconf 85' lang='lat' dir='ltr'><strong>liorem.</strong></span> <span class='ocrx_word' id='word_1_258' title='bbox 315 2091 426 2138; x_wconf 83' lang='lat' dir='ltr'><strong>incitasti</strong></span> <span class='ocrx_word' id='word_1_259' title='bbox 437 2091 547 2138; x_wconf 82' lang='lat' dir='ltr'><strong>animum</strong></span> <span class='ocrx_word' id='word_1_260' title='bbox 557 2104 658 2149; x_wconf 88' lang='lat' dir='ltr'><strong>meum,</strong></span> <span class='ocrx_word' id='word_1_261' title='bbox 670 2104 728 2139; x_wconf 91' lang='lat' dir='ltr'><strong>eon·</strong></span> <span class='ocrx_word' id='word_1_262' title='bbox 753 2096 816 2140; x_wconf 78' lang='lat' dir='ltr'><strong>Deus</strong></span> <span class='ocrx_word' id='word_1_263' title='bbox 827 2093 1084 2153; x_wconf 79' lang='lat' dir='ltr'><strong>luaeineapet,eleee</strong></span> <span class='ocrx_word' id='word_1_264' title='bbox 1100 2093 1128 2138; x_wconf 84' lang='lat' dir='ltr'><strong>in</strong></span> <span class='ocrx_word' id='word_1_265' title='bbox 1139 2091 1287 2145; x_wconf 81' lang='lat' dir='ltr'><strong>cesdem‚ct</strong></span> 
     </span>
    </p>
   </div>
   <div class='ocr_carea' id='block_1_6' title="bbox 143 2157 1315 4072">
    <p class='ocr_par' dir='ltr' id='par_1_8' title="bbox 143 2157 1315 4072">
     <span class='ocr_line' id='line_1_27' title="bbox 198 2157 1287 2221; baseline -0.001 -18"><span class='ocrx_word' id='word_1_266' title='bbox 198 2157 298 2216; x_wconf 87' lang='lat' dir='ltr'><strong>cupisee</strong></span> <span class='ocrx_word' id='word_1_267' title='bbox 315 2159 362 2206; x_wconf 84' lang='lat' dir='ltr'><strong>boe</strong></span> <span class='ocrx_word' id='word_1_268' title='bbox 372 2159 473 2206; x_wconf 75' lang='lat' dir='ltr'><strong>&#39;denum</strong></span> <span class='ocrx_word' id='word_1_269' title='bbox 486 2159 565 2206; x_wconf 89' lang='lat' dir='ltr'><strong>tunm.</strong></span> <span class='ocrx_word' id='word_1_270' title='bbox 580 2160 674 2220; x_wconf 84' lang='lat' dir='ltr'><strong>Dicito,</strong></span> <span class='ocrx_word' id='word_1_271' title='bbox 689 2173 729 2208; x_wconf 87' lang='lat' dir='ltr'><strong>re-</strong></span> <span class='ocrx_word' id='word_1_272' title='bbox 753 2163 799 2211; x_wconf 85' lang='lat' dir='ltr'><strong>eris</strong></span> <span class='ocrx_word' id='word_1_273' title='bbox 809 2164 863 2208; x_wconf 82' lang='lat' dir='ltr'><strong>tenc</strong></span> <span class='ocrx_word' id='word_1_274' title='bbox 873 2163 984 2221; x_wconf 84' lang='lat' dir='ltr'><strong>sepro,et</strong></span> <span class='ocrx_word' id='word_1_275' title='bbox 992 2173 1040 2207; x_wconf 84' lang='lat' dir='ltr'><strong>een</strong></span> <span class='ocrx_word' id='word_1_276' title='bbox 1049 2159 1168 2217; x_wconf 56' lang='lat' dir='ltr'><strong>tutiensi</strong></span> <span class='ocrx_word' id='word_1_277' title='bbox 1175 2158 1287 2205; x_wconf 73' lang='lat' dir='ltr'><strong>exaudie-</strong></span> 
     </span>
     <span class='ocr_line' id='line_1_28' title="bbox 197 2226 1288 2287; baseline -0.001 -14"><span class='ocrx_word' id='word_1_278' title='bbox 197 2238 243 2285; x_wconf 63' lang='lat' dir='ltr'><strong>ro,</strong></span> <span class='ocrx_word' id='word_1_279' title='bbox 260 2227 320 2286; x_wconf 89' lang='lat' dir='ltr'><strong>quid</strong></span> <span class='ocrx_word' id='word_1_280' title='bbox 330 2226 381 2274; x_wconf 88' lang='lat' dir='ltr'><strong>des.</strong></span> <span class='ocrx_word' id='word_1_281' title='bbox 398 2227 451 2274; x_wconf 87' lang='lat' dir='ltr'><strong>Noli</strong></span> <span class='ocrx_word' id='word_1_282' title='bbox 461 2238 502 2275; x_wconf 90' lang='lat' dir='ltr'><strong>me</strong></span> <span class='ocrx_word' id='word_1_283' title='bbox 520 2226 566 2274; x_wconf 88' lang='lat' dir='ltr'><strong>diu</strong></span> <span class='ocrx_word' id='word_1_284' title='bbox 582 2239 728 2286; x_wconf 83' lang='lat' dir='ltr'><strong>suspensum</strong></span> <span class='ocrx_word' id='word_1_285' title='bbox 753 2232 872 2278; x_wconf 80' lang='lat' dir='ltr'><strong>siseecem</strong></span> <span class='ocrx_word' id='word_1_286' title='bbox 881 2231 1030 2278; x_wconf 83' lang='lat' dir='ltr'><strong>DominiDei</strong></span> <span class='ocrx_word' id='word_1_287' title='bbox 1039 2227 1117 2277; x_wconf 75' lang='lat' dir='ltr'><strong>tuidi</strong></span> <span class='ocrx_word' id='word_1_288' title='bbox 1129 2227 1288 2287; x_wconf 74' lang='lat' dir='ltr'><strong>sequituirss&#39;</strong></span> 
     </span>
     <span class='ocr_line' id='line_1_29' title="bbox 197 2295 1286 2357; baseline -0.002 -15"><span class='ocrx_word' id='word_1_289' title='bbox 197 2295 316 2355; x_wconf 79' lang='lat' dir='ltr'>reddere,</span> <span class='ocrx_word' id='word_1_290' title='bbox 336 2297 409 2357; x_wconf 84' lang='lat' dir='ltr'><strong>cupio</strong></span> <span class='ocrx_word' id='word_1_291' title='bbox 426 2297 529 2357; x_wconf 82' lang='lat' dir='ltr'><strong>petere,</strong></span> <span class='ocrx_word' id='word_1_292' title='bbox 543 2297 564 2343; x_wconf 90' lang='lat' dir='ltr'><strong>si</strong></span> <span class='ocrx_word' id='word_1_293' title='bbox 575 2297 625 2345; x_wconf 88' lang='lat' dir='ltr'><strong>eite</strong></span> <span class='ocrx_word' id='word_1_294' title='bbox 635 2297 725 2345; x_wconf 82' lang='lat' dir='ltr'><strong>selues.</strong></span> <span class='ocrx_word' id='word_1_295' title='bbox 754 2300 833 2345; x_wconf 69' lang='lat' dir='ltr'><strong>cebet</strong></span> <span class='ocrx_word' id='word_1_296' title='bbox 845 2310 894 2344; x_wconf 84' lang='lat' dir='ltr'><strong>nen</strong></span> <span class='ocrx_word' id='word_1_297' title='bbox 904 2299 1021 2355; x_wconf 78' lang='lat' dir='ltr'><strong>redieris,</strong></span> <span class='ocrx_word' id='word_1_298' title='bbox 1032 2297 1169 2344; x_wconf 76' lang='lat' dir='ltr'><strong>emledieles</strong></span> <span class='ocrx_word' id='word_1_299' title='bbox 1182 2298 1209 2342; x_wconf 82' lang='lat' dir='ltr'><strong>le</strong></span> <span class='ocrx_word' id='word_1_300' title='bbox 1219 2296 1244 2341; x_wconf 84' lang='lat' dir='ltr'><strong>ie</strong></span> <span class='ocrx_word' id='word_1_301' title='bbox 1255 2295 1286 2340; x_wconf 89' lang='lat' dir='ltr'><strong>ei·</strong></span> 
     </span>
     <span class='ocr_line' id='line_1_30' title="bbox 198 2361 1284 2426; baseline -0.003 -15"><span class='ocrx_word' id='word_1_302' title='bbox 198 2364 248 2412; x_wconf 87' lang='lat' dir='ltr'><strong>Sed</strong></span> <span class='ocrx_word' id='word_1_303' title='bbox 257 2365 350 2414; x_wconf 83' lang='lat' dir='ltr'><strong>solvisti</strong></span> <span class='ocrx_word' id='word_1_304' title='bbox 360 2367 408 2415; x_wconf 90' lang='lat' dir='ltr'><strong>cite</strong></span> <span class='ocrx_word' id='word_1_305' title='bbox 417 2379 425 2413; x_wconf 78' lang='lat' dir='ltr'><strong>a</strong></span> <span class='ocrx_word' id='word_1_306' title='bbox 434 2378 484 2413; x_wconf 91' lang='lat' dir='ltr'><strong>nen</strong></span> <span class='ocrx_word' id='word_1_307' title='bbox 492 2366 609 2414; x_wconf 88' lang='lat' dir='ltr'><strong>distulisti</strong></span> <span class='ocrx_word' id='word_1_308' title='bbox 618 2367 727 2426; x_wconf 83' lang='lat' dir='ltr'><strong>inopem,</strong></span> <span class='ocrx_word' id='word_1_309' title='bbox 754 2368 837 2424; x_wconf 79' lang='lat' dir='ltr'><strong>viidie,</strong></span> <span class='ocrx_word' id='word_1_310' title='bbox 851 2370 874 2414; x_wconf 85' lang='lat' dir='ltr'><strong>et</strong></span> <span class='ocrx_word' id='word_1_311' title='bbox 888 2367 1023 2414; x_wconf 80' lang='lat' dir='ltr'><strong>maledictus</strong></span> <span class='ocrx_word' id='word_1_312' title='bbox 1038 2366 1064 2412; x_wconf 84' lang='lat' dir='ltr'><strong>in</strong></span> <span class='ocrx_word' id='word_1_313' title='bbox 1075 2378 1145 2425; x_wconf 74' lang='lat' dir='ltr'><strong>aero.</strong></span> <span class='ocrx_word' id='word_1_314' title='bbox 1162 2365 1193 2411; x_wconf 90' lang='lat' dir='ltr'><strong>Et</strong></span> <span class='ocrx_word' id='word_1_315' title='bbox 1204 2361 1284 2409; x_wconf 84' lang='lat' dir='ltr'><strong>inira:</strong></span> 
     </span>
     <span class='ocr_line' id='line_1_31' title="bbox 197 2430 1287 2501; baseline 0.001 -24"><span class='ocrx_word' id='word_1_316' title='bbox 197 2444 247 2478; x_wconf 92' lang='lat' dir='ltr'><strong>nen</strong></span> <span class='ocrx_word' id='word_1_317' title='bbox 266 2433 402 2501; x_wconf 68' lang='lat' dir='ltr'><strong>despeuisti</strong></span> <span class='ocrx_word' id='word_1_318' title='bbox 419 2430 520 2494; x_wconf 74' lang='lat' dir='ltr'><strong>precem</strong></span> <span class='ocrx_word' id='word_1_319' title='bbox 531 2434 662 2494; x_wconf 86' lang='lat' dir='ltr'><strong>pauperis,</strong></span> <span class='ocrx_word' id='word_1_320' title='bbox 677 2446 728 2480; x_wconf 91' lang='lat' dir='ltr'><strong>non</strong></span> <span class='ocrx_word' id='word_1_321' title='bbox 753 2436 876 2482; x_wconf 70' lang='lat' dir='ltr'><strong>maledicis</strong></span> <span class='ocrx_word' id='word_1_322' title='bbox 889 2436 1008 2495; x_wconf 83' lang='lat' dir='ltr'><strong>peepeeies</strong></span> <span class='ocrx_word' id='word_1_323' title='bbox 1019 2435 1107 2481; x_wconf 78' lang='lat' dir='ltr'><strong>eretria</strong></span> <span class='ocrx_word' id='word_1_324' title='bbox 1119 2434 1164 2479; x_wconf 83' lang='lat' dir='ltr'><strong>tei.</strong></span> <span class='ocrx_word' id='word_1_325' title='bbox 1176 2433 1233 2478; x_wconf 84' lang='lat' dir='ltr'><strong>lien</strong></span> <span class='ocrx_word' id='word_1_326' title='bbox 1243 2443 1287 2491; x_wconf 83' lang='lat' dir='ltr'><strong>pe·</strong></span> 
     </span>
     <span class='ocr_line' id='line_1_32' title="bbox 198 2500 1286 2563; baseline 0.001 -17"><span class='ocrx_word' id='word_1_327' title='bbox 198 2500 291 2548; x_wconf 89' lang='lat' dir='ltr'><strong>diutius</strong></span> <span class='ocrx_word' id='word_1_328' title='bbox 307 2514 364 2549; x_wconf 91' lang='lat' dir='ltr'><strong>eum</strong></span> <span class='ocrx_word' id='word_1_329' title='bbox 375 2503 505 2563; x_wconf 84' lang='lat' dir='ltr'><strong>desperare</strong></span> <span class='ocrx_word' id='word_1_330' title='bbox 516 2502 612 2561; x_wconf 87' lang='lat' dir='ltr'><strong>iecisti,</strong></span> <span class='ocrx_word' id='word_1_331' title='bbox 623 2515 672 2549; x_wconf 92' lang='lat' dir='ltr'><strong>nen</strong></span> <span class='ocrx_word' id='word_1_332' title='bbox 684 2515 728 2551; x_wconf 82' lang='lat' dir='ltr'><strong>ua·</strong></span> <span class='ocrx_word' id='word_1_333' title='bbox 754 2504 826 2550; x_wconf 86' lang='lat' dir='ltr'><strong>cunia</strong></span> <span class='ocrx_word' id='word_1_334' title='bbox 833 2504 920 2563; x_wconf 84' lang='lat' dir='ltr'><strong>utique</strong></span> <span class='ocrx_word' id='word_1_335' title='bbox 929 2501 1166 2559; x_wconf 84' lang='lat' dir='ltr'><strong>benedictumlucit,</strong></span> <span class='ocrx_word' id='word_1_336' title='bbox 1175 2501 1223 2549; x_wconf 85' lang='lat' dir='ltr'><strong>sed</strong></span> <span class='ocrx_word' id='word_1_337' title='bbox 1230 2512 1286 2558; x_wconf 77' lang='lat' dir='ltr'><strong>ceg-</strong></span> 
     </span>
     <span class='ocr_line' id='line_1_33' title="bbox 198 2570 1286 2632; baseline 0.001 -17"><span class='ocrx_word' id='word_1_338' title='bbox 198 2581 259 2616; x_wconf 86' lang='lat' dir='ltr'><strong>enus</strong></span> <span class='ocrx_word' id='word_1_339' title='bbox 274 2570 305 2616; x_wconf 84' lang='lat' dir='ltr'><strong>ad</strong></span> <span class='ocrx_word' id='word_1_340' title='bbox 324 2570 444 2631; x_wconf 86' lang='lat' dir='ltr'><strong>ternplum</strong></span> <span class='ocrx_word' id='word_1_341' title='bbox 459 2571 605 2618; x_wconf 80' lang='lat' dir='ltr'><strong>adsccndisti</strong></span> <span class='ocrx_word' id='word_1_342' title='bbox 624 2570 726 2618; x_wconf 86' lang='lat' dir='ltr'><strong>dicens:</strong></span> <span class='ocrx_word' id='word_1_343' title='bbox 753 2572 883 2632; x_wconf 89' lang='lat' dir='ltr'><strong>nitieDei,</strong></span> <span class='ocrx_word' id='word_1_344' title='bbox 893 2571 1037 2631; x_wconf 80' lang='lat' dir='ltr'><strong>praedicatio</strong></span> <span class='ocrx_word' id='word_1_345' title='bbox 1046 2570 1119 2618; x_wconf 85' lang='lat' dir='ltr'><strong>verbi</strong></span> <span class='ocrx_word' id='word_1_346' title='bbox 1131 2585 1139 2617; x_wconf 73' lang='lat' dir='ltr'><strong>s</strong></span> <span class='ocrx_word' id='word_1_347' title='bbox 1151 2571 1286 2630; x_wconf 76' lang='lat' dir='ltr'><strong>sigratiam</strong></span> 
     </span>
     <span class='ocr_line' id='line_1_34' title="bbox 198 2637 1286 2698; baseline 0 -12"><span class='ocrx_word' id='word_1_348' title='bbox 198 2639 327 2698; x_wconf 76' lang='lat' dir='ltr'><strong>Arpeelem</strong></span> <span class='ocrx_word' id='word_1_349' title='bbox 337 2642 456 2686; x_wconf 83' lang='lat' dir='ltr'><strong>eicerem</strong></span> <span class='ocrx_word' id='word_1_350' title='bbox 469 2653 517 2687; x_wconf 85' lang='lat' dir='ltr'><strong>een</strong></span> <span class='ocrx_word' id='word_1_351' title='bbox 528 2640 610 2687; x_wconf 78' lang='lat' dir='ltr'><strong>liabeo.</strong></span> <span class='ocrx_word' id='word_1_352' title='bbox 622 2641 675 2686; x_wconf 89' lang='lat' dir='ltr'><strong>Neu</strong></span> <span class='ocrx_word' id='word_1_353' title='bbox 688 2640 727 2686; x_wconf 90' lang='lat' dir='ltr'><strong>illi</strong></span> <span class='ocrx_word' id='word_1_354' title='bbox 753 2641 850 2688; x_wconf 79' lang='lat' dir='ltr'><strong>Domini</strong></span> <span class='ocrx_word' id='word_1_355' title='bbox 859 2641 1020 2698; x_wconf 83' lang='lat' dir='ltr'><strong>foeneremus,</strong></span> <span class='ocrx_word' id='word_1_356' title='bbox 1030 2638 1050 2687; x_wconf 90' lang='lat' dir='ltr'><strong>si</strong></span> <span class='ocrx_word' id='word_1_357' title='bbox 1058 2637 1231 2698; x_wconf 69' lang='lat' dir='ltr'><strong>indigentibus</strong></span> <span class='ocrx_word' id='word_1_358' title='bbox 1239 2640 1286 2686; x_wconf 89' lang='lat' dir='ltr'><strong>eie·</strong></span> 
     </span>
     <span class='ocr_line' id='line_1_35' title="bbox 197 2706 1287 2770; baseline 0.004 -18"><span class='ocrx_word' id='word_1_359' title='bbox 197 2707 243 2754; x_wconf 89' lang='lat' dir='ltr'><strong>seli</strong></span> <span class='ocrx_word' id='word_1_360' title='bbox 262 2706 343 2766; x_wconf 87' lang='lat' dir='ltr'><strong>plenis</strong></span> <span class='ocrx_word' id='word_1_361' title='bbox 362 2707 478 2754; x_wconf 76' lang='lat' dir='ltr'><strong>mnitibus</strong></span> <span class='ocrx_word' id='word_1_362' title='bbox 498 2707 667 2768; x_wconf 86' lang='lat' dir='ltr'><strong>adscendunt,</strong></span> <span class='ocrx_word' id='word_1_363' title='bbox 683 2709 726 2769; x_wconf 87' lang='lat' dir='ltr'><strong>qui</strong></span> <span class='ocrx_word' id='word_1_364' title='bbox 753 2712 812 2770; x_wconf 82' lang='lat' dir='ltr'><strong>quia</strong></span> <span class='ocrx_word' id='word_1_365' title='bbox 828 2710 928 2757; x_wconf 88' lang='lat' dir='ltr'><strong>Domini</strong></span> <span class='ocrx_word' id='word_1_366' title='bbox 948 2709 1117 2766; x_wconf 85' lang='lat' dir='ltr'><strong>conferamus,</strong></span> <span class='ocrx_word' id='word_1_367' title='bbox 1134 2708 1156 2755; x_wconf 91' lang='lat' dir='ltr'><strong>si</strong></span> <span class='ocrx_word' id='word_1_368' title='bbox 1169 2709 1287 2756; x_wconf 82' lang='lat' dir='ltr'><strong>observe-</strong></span> 
     </span>
     <span class='ocr_line' id='line_1_36' title="bbox 199 2771 1287 2834; baseline 0.002 -12"><span class='ocrx_word' id='word_1_369' title='bbox 199 2776 325 2834; x_wconf 71' lang='lat' dir='ltr'><strong>arssentum</strong></span> <span class='ocrx_word' id='word_1_370' title='bbox 338 2775 364 2822; x_wconf 87' lang='lat' dir='ltr'><strong>et</strong></span> <span class='ocrx_word' id='word_1_371' title='bbox 374 2787 461 2822; x_wconf 86' lang='lat' dir='ltr'><strong>eurum</strong></span> <span class='ocrx_word' id='word_1_372' title='bbox 475 2776 569 2823; x_wconf 89' lang='lat' dir='ltr'><strong>babent</strong></span> <span class='ocrx_word' id='word_1_373' title='bbox 581 2789 588 2821; x_wconf 80' lang='lat' dir='ltr'><strong>t</strong></span> <span class='ocrx_word' id='word_1_374' title='bbox 600 2776 728 2824; x_wconf 87' lang='lat' dir='ltr'><strong>adscendit</strong></span> <span class='ocrx_word' id='word_1_375' title='bbox 753 2793 807 2826; x_wconf 88' lang='lat' dir='ltr'><strong>mus</strong></span> <span class='ocrx_word' id='word_1_376' title='bbox 818 2779 932 2827; x_wconf 81' lang='lat' dir='ltr'><strong>mundata</strong></span> <span class='ocrx_word' id='word_1_377' title='bbox 943 2778 1062 2825; x_wconf 84' lang='lat' dir='ltr'><strong>eoelestia.</strong></span> <span class='ocrx_word' id='word_1_378' title='bbox 1072 2778 1101 2824; x_wconf 86' lang='lat' dir='ltr'><strong>Et</strong></span> <span class='ocrx_word' id='word_1_379' title='bbox 1112 2771 1200 2824; x_wconf 81' lang='lat' dir='ltr'><strong>centra</strong></span> <span class='ocrx_word' id='word_1_380' title='bbox 1211 2778 1287 2825; x_wconf 86' lang='lat' dir='ltr'><strong>male·</strong></span> 
     </span>
     <span class='ocr_line' id='line_1_37' title="bbox 143 2845 1287 2907; baseline 0 -16"><span class='ocrx_word' id='word_1_381' title='bbox 143 2894 149 2906; x_wconf 54' lang='grc'>,</span> <span class='ocrx_word' id='word_1_382' title='bbox 199 2845 225 2891; x_wconf 92' lang='lat' dir='ltr'><strong>et</strong></span> <span class='ocrx_word' id='word_1_383' title='bbox 233 2857 327 2904; x_wconf 87' lang='lat' dir='ltr'><strong>pauper</strong></span> <span class='ocrx_word' id='word_1_384' title='bbox 335 2856 487 2893; x_wconf 82' lang='lat' dir='ltr'><strong>nenvaeuus</strong></span> <span class='ocrx_word' id='word_1_385' title='bbox 497 2858 505 2890; x_wconf 80' lang='lat' dir='ltr'><strong>a</strong></span> <span class='ocrx_word' id='word_1_386' title='bbox 516 2845 643 2893; x_wconf 89' lang='lat' dir='ltr'><strong>adscendit</strong></span> <span class='ocrx_word' id='word_1_387' title='bbox 651 2848 677 2894; x_wconf 90' lang='lat' dir='ltr'><strong>ct</strong></span> <span class='ocrx_word' id='word_1_388' title='bbox 685 2847 726 2894; x_wconf 90' lang='lat' dir='ltr'><strong>iile</strong></span> <span class='ocrx_word' id='word_1_389' title='bbox 753 2848 845 2895; x_wconf 90' lang='lat' dir='ltr'><strong>dictum</strong></span> <span class='ocrx_word' id='word_1_390' title='bbox 858 2860 908 2894; x_wconf 95' lang='lat' dir='ltr'><strong>non</strong></span> <span class='ocrx_word' id='word_1_391' title='bbox 918 2847 990 2907; x_wconf 84' lang='lat' dir='ltr'><strong>iacit,</strong></span> <span class='ocrx_word' id='word_1_392' title='bbox 1002 2847 1023 2893; x_wconf 94' lang='lat' dir='ltr'><strong>si</strong></span> <span class='ocrx_word' id='word_1_393' title='bbox 1033 2847 1098 2894; x_wconf 86' lang='lat' dir='ltr'><strong>desit</strong></span> <span class='ocrx_word' id='word_1_394' title='bbox 1107 2846 1218 2906; x_wconf 86' lang='lat' dir='ltr'><strong>pecunia</strong></span> <span class='ocrx_word' id='word_1_395' title='bbox 1233 2857 1287 2905; x_wconf 73' lang='lat' dir='ltr'><strong>ques</strong></span> 
     </span>
     <span class='ocr_line' id='line_1_38' title="bbox 198 2913 1285 2973; baseline 0.002 -16"><span class='ocrx_word' id='word_1_396' title='bbox 198 2924 248 2958; x_wconf 82' lang='lat' dir='ltr'><strong>iren</strong></span> <span class='ocrx_word' id='word_1_397' title='bbox 266 2925 374 2972; x_wconf 83' lang='lat' dir='ltr'><strong>vacuus,</strong></span> <span class='ocrx_word' id='word_1_398' title='bbox 390 2914 448 2973; x_wconf 85' lang='lat' dir='ltr'><strong>quie</strong></span> <span class='ocrx_word' id='word_1_399' title='bbox 463 2925 550 2960; x_wconf 84' lang='lat' dir='ltr'><strong>aurum</strong></span> <span class='ocrx_word' id='word_1_400' title='bbox 562 2916 588 2961; x_wconf 88' lang='lat' dir='ltr'><strong>et</strong></span> <span class='ocrx_word' id='word_1_401' title='bbox 598 2916 726 2973; x_wconf 79' lang='lat' dir='ltr'><strong>argentum</strong></span> <span class='ocrx_word' id='word_1_402' title='bbox 752 2916 886 2964; x_wconf 78' lang='lat' dir='ltr'><strong>foeneretur</strong></span> <span class='ocrx_word' id='word_1_403' title='bbox 903 2930 910 2962; x_wconf 77' lang='lat' dir='ltr'><strong><em>z</em></strong></span> <span class='ocrx_word' id='word_1_404' title='bbox 928 2916 972 2963; x_wconf 91' lang='lat' dir='ltr'><strong>sed</strong></span> <span class='ocrx_word' id='word_1_405' title='bbox 993 2916 1012 2962; x_wconf 92' lang='lat' dir='ltr'><strong>si</strong></span> <span class='ocrx_word' id='word_1_406' title='bbox 1031 2915 1095 2962; x_wconf 91' lang='lat' dir='ltr'><strong>desit</strong></span> <span class='ocrx_word' id='word_1_407' title='bbox 1115 2914 1247 2973; x_wconf 83' lang='lat' dir='ltr'><strong>studium,</strong></span> <span class='ocrx_word' id='word_1_408' title='bbox 1264 2913 1285 2960; x_wconf 91' lang='lat' dir='ltr'><strong>si</strong></span> 
     </span>
     <span class='ocr_line' id='line_1_39' title="bbox 198 2980 1285 3044; baseline 0.006 -19"><span class='ocrx_word' id='word_1_409' title='bbox 198 2991 247 3028; x_wconf 91' lang='lat' dir='ltr'><strong>nen</strong></span> <span class='ocrx_word' id='word_1_410' title='bbox 257 2980 342 3032; x_wconf 79' lang='lat' dir='ltr'><strong>babet.</strong></span> <span class='ocrx_word' id='word_1_411' title='bbox 353 2981 485 3036; x_wconf 78' lang='lat' dir='ltr'><strong>Audiamus</strong></span> <span class='ocrx_word' id='word_1_412' title='bbox 493 2982 553 3041; x_wconf 77' lang='lat' dir='ltr'><strong>quiid</strong></span> <span class='ocrx_word' id='word_1_413' title='bbox 561 2983 602 3029; x_wconf 85' lang='lat' dir='ltr'><strong>det</strong></span> <span class='ocrx_word' id='word_1_414' title='bbox 611 2983 658 3029; x_wconf 89' lang='lat' dir='ltr'><strong>iste</strong></span> <span class='ocrx_word' id='word_1_415' title='bbox 666 2996 728 3042; x_wconf 89' lang='lat' dir='ltr'><strong>pau·</strong></span> <span class='ocrx_word' id='word_1_416' title='bbox 752 2986 816 3033; x_wconf 84' lang='lat' dir='ltr'><strong>desit</strong></span> <span class='ocrx_word' id='word_1_417' title='bbox 824 2985 962 3032; x_wconf 83' lang='lat' dir='ltr'><strong>observatio</strong></span> <span class='ocrx_word' id='word_1_418' title='bbox 973 2983 1111 3044; x_wconf 79' lang='lat' dir='ltr'><strong>eoelestiuni</strong></span> <span class='ocrx_word' id='word_1_419' title='bbox 1122 2984 1285 3038; x_wconf 79' lang='lat' dir='ltr'><strong>statutorum,</strong></span> 
     </span>
     <span class='ocr_line' id='line_1_40' title="bbox 198 3049 967 3115; baseline 0.012 -24"><span class='ocrx_word' id='word_1_420' title='bbox 198 3059 244 3105; x_wconf 88' lang='lat' dir='ltr'><strong>per</strong></span> <span class='ocrx_word' id='word_1_421' title='bbox 256 3061 263 3092; x_wconf 78' lang='lat' dir='ltr'><strong>a</strong></span> <span class='ocrx_word' id='word_1_422' title='bbox 275 3050 319 3095; x_wconf 85' lang='lat' dir='ltr'><strong>Sed</strong></span> <span class='ocrx_word' id='word_1_423' title='bbox 330 3052 390 3108; x_wconf 75' lang='lat' dir='ltr'><strong>qued</strong></span> <span class='ocrx_word' id='word_1_424' title='bbox 399 3050 487 3105; x_wconf 82' lang='lat' dir='ltr'><strong>debeo,</strong></span> <span class='ocrx_word' id='word_1_425' title='bbox 497 3049 592 3109; x_wconf 87' lang='lat' dir='ltr'><strong>inquit,</strong></span> <span class='ocrx_word' id='word_1_426' title='bbox 601 3052 630 3097; x_wconf 91' lang='lat' dir='ltr'><strong>de</strong></span> <span class='ocrx_word' id='word_1_427' title='bbox 639 3052 727 3099; x_wconf 67' lang='lat' dir='ltr'><strong>libide</strong></span> <span class='ocrx_word' id='word_1_428' title='bbox 753 3055 898 3115; x_wconf 77' lang='lat' dir='ltr'><strong>maledictus</strong></span> <span class='ocrx_word' id='word_1_429' title='bbox 909 3055 967 3102; x_wconf 91' lang='lat' dir='ltr'><strong>eris.</strong></span> 
     </span>
     <span class='ocr_line' id='line_1_41' title="bbox 198 3117 1046 3177; baseline 0.012 -17"><span class='ocrx_word' id='word_1_430' title='bbox 198 3117 292 3162; x_wconf 82' lang='lat' dir='ltr'><strong>nemine</strong></span> <span class='ocrx_word' id='word_1_431' title='bbox 306 3119 362 3162; x_wconf 80' lang='lat' dir='ltr'><strong>lese</strong></span> <span class='ocrx_word' id='word_1_432' title='bbox 375 3118 497 3164; x_wconf 75' lang='lat' dir='ltr'><strong>nazareni</strong></span> <span class='ocrx_word' id='word_1_433' title='bbox 511 3131 579 3177; x_wconf 79' lang='lat' dir='ltr'><strong>serpe</strong></span> <span class='ocrx_word' id='word_1_434' title='bbox 589 3121 611 3165; x_wconf 92' lang='lat' dir='ltr'><strong>el</strong></span> <span class='ocrx_word' id='word_1_435' title='bbox 621 3120 726 3166; x_wconf 82' lang='lat' dir='ltr'><strong>embola.</strong></span> <span class='ocrx_word' id='word_1_436' title='bbox 998 3152 1046 3162; x_wconf 90' lang='lat'>-</span> 
     </span>
     <span class='ocr_line' id='line_1_42' title="bbox 198 3183 726 3245; baseline 0.008 -17"><span class='ocrx_word' id='word_1_437' title='bbox 198 3183 218 3228; x_wconf 87' lang='grc'>0</span> <span class='ocrx_word' id='word_1_438' title='bbox 235 3183 340 3242; x_wconf 84' lang='lat' dir='ltr'><strong>optanda</strong></span> <span class='ocrx_word' id='word_1_439' title='bbox 355 3185 500 3243; x_wconf 80' lang='lat' dir='ltr'><strong>paupertas3</strong></span> <span class='ocrx_word' id='word_1_440' title='bbox 519 3184 620 3231; x_wconf 87' lang='lat' dir='ltr'><strong>editior</strong></span> <span class='ocrx_word' id='word_1_441' title='bbox 630 3185 726 3245; x_wconf 82' lang='lat' dir='ltr'><strong>inopia!</strong></span> 
     </span>
     <span class='ocr_line' id='line_1_43' title="bbox 198 3217 1123 3318; baseline 0.006 -20"><span class='ocrx_word' id='word_1_442' title='bbox 198 3251 367 3311; x_wconf 79' lang='lat' dir='ltr'><strong>Claudicabat,</strong></span> <span class='ocrx_word' id='word_1_443' title='bbox 382 3251 422 3299; x_wconf 91' lang='lat' dir='ltr'><strong>cui</strong></span> <span class='ocrx_word' id='word_1_444' title='bbox 437 3250 528 3300; x_wconf 81' lang='lat' dir='ltr'><strong>divites</strong></span> <span class='ocrx_word' id='word_1_445' title='bbox 542 3252 633 3301; x_wconf 83' lang='lat' dir='ltr'><strong>debant</strong></span> <span class='ocrx_word' id='word_1_446' title='bbox 644 3267 652 3299; x_wconf 80' lang='lat' dir='ltr'><strong>a</strong></span> <span class='ocrx_word' id='word_1_447' title='bbox 663 3267 727 3304; x_wconf 78' lang='lat' dir='ltr'><strong>unias</strong></span> <span class='ocrx_word' id='word_1_448' title='bbox 904 3217 1031 3270; x_wconf 63' lang='lat' dir='ltr'>CAPUT</span> <span class='ocrx_word' id='word_1_449' title='bbox 1040 3217 1123 3318; x_wconf 69' lang='lat' dir='ltr'>m</span> 
     </span>
     <span class='ocr_line' id='line_1_44' title="bbox 197 3315 1287 3383; baseline 0.003 -14"><span class='ocrx_word' id='word_1_450' title='bbox 197 3335 293 3382; x_wconf 83' lang='lat' dir='ltr'><strong>pauper</strong></span> <span class='ocrx_word' id='word_1_451' title='bbox 312 3322 395 3382; x_wconf 84' lang='lat' dir='ltr'><strong>dedit,</strong></span> <span class='ocrx_word' id='word_1_452' title='bbox 415 3322 442 3370; x_wconf 88' lang='lat' dir='ltr'><strong>et</strong></span> <span class='ocrx_word' id='word_1_453' title='bbox 459 3322 543 3370; x_wconf 87' lang='lat' dir='ltr'><strong>statim</strong></span> <span class='ocrx_word' id='word_1_454' title='bbox 563 3323 608 3383; x_wconf 87' lang='lat' dir='ltr'><strong>qui</strong></span> <span class='ocrx_word' id='word_1_455' title='bbox 625 3325 728 3373; x_wconf 86' lang='lat' dir='ltr'><strong>claudus</strong></span> <span class='ocrx_word' id='word_1_456' title='bbox 751 3315 1287 3380; x_wconf 67' lang='lat' dir='ltr'><strong>Judaeosprsmoffenenusfenerasse,posim0dum</strong></span> 
     </span>
     <span class='ocr_line' id='line_1_45' title="bbox 199 3370 1289 3472; baseline 0.001 -12"><span class='ocrx_word' id='word_1_457' title='bbox 199 3393 352 3450; x_wconf 75' lang='lat' dir='ltr'><strong>t</strong></span> <span class='ocrx_word' id='word_1_458' title='bbox 363 3392 498 3440; x_wconf 85' lang='grc' dir='ltr'>πωπω</span> <span class='ocrx_word' id='word_1_459' title='bbox 774 3370 1289 3472; x_wconf 61' lang='lat' dir='ltr'><strong>sutenttsnnnttnrnatt</strong></span> 
     </span>
     <span class='ocr_line' id='line_1_46' title="bbox 228 3460 1315 3525; baseline 0.001 -18"><span class='ocrx_word' id='word_1_460' title='bbox 228 3460 591 3523; x_wconf 79' lang='lat' dir='ltr'><strong>dl.ilebetergojustusquod</strong></span> <span class='ocrx_word' id='word_1_461' title='bbox 605 3461 726 3522; x_wconf 78' lang='lat' dir='ltr'><strong>foeneret,</strong></span> <span class='ocrx_word' id='word_1_462' title='bbox 773 3478 868 3524; x_wconf 70' lang='lat' dir='ltr'><strong>eJusuem</strong></span> <span class='ocrx_word' id='word_1_463' title='bbox 880 3479 977 3525; x_wconf 57' lang='lat' dir='ltr'><strong>muer„</strong></span> <span class='ocrx_word' id='word_1_464' title='bbox 991 3477 1159 3525; x_wconf 50' lang='lat' dir='ltr'><strong>lausannam</strong></span> <span class='ocrx_word' id='word_1_465' title='bbox 1171 3478 1232 3515; x_wconf 78' lang='lat' dir='ltr'><strong>tuam</strong></span> <span class='ocrx_word' id='word_1_466' title='bbox 1244 3478 1286 3515; x_wconf 81' lang='lat' dir='ltr'><strong>toe-</strong></span> <span class='ocrx_word' id='word_1_467' title='bbox 1312 3491 1315 3498; x_wconf 90' lang='lat'>-</span> 
     </span>
     <span class='ocr_line' id='line_1_47' title="bbox 198 3529 1286 3592; baseline 0 -24"><span class='ocrx_word' id='word_1_468' title='bbox 198 3529 313 3579; x_wconf 75' lang='lat' dir='ltr'><strong>habetet</strong></span> <span class='ocrx_word' id='word_1_469' title='bbox 329 3532 456 3591; x_wconf 59' lang='lat' dir='ltr'><strong>„gentum</strong></span> <span class='ocrx_word' id='word_1_470' title='bbox 470 3532 535 3592; x_wconf 76' lang='lat' dir='ltr'><strong>quod</strong></span> <span class='ocrx_word' id='word_1_471' title='bbox 547 3532 664 3590; x_wconf 65' lang='lat' dir='ltr'><strong>foenepet‘,</strong></span> <span class='ocrx_word' id='word_1_472' title='bbox 676 3543 727 3578; x_wconf 74' lang='lat' dir='ltr'><strong>sep.</strong></span> <span class='ocrx_word' id='word_1_473' title='bbox 774 3531 894 3569; x_wconf 78' lang='lat' dir='ltr'><strong>necandam</strong></span> <span class='ocrx_word' id='word_1_474' title='bbox 905 3531 1024 3571; x_wconf 72' lang='lat' dir='ltr'><strong>exhortatio</strong></span> <span class='ocrx_word' id='word_1_475' title='bbox 1034 3541 1043 3570; x_wconf 77' lang='lat' dir='ltr'><strong>t.</strong></span> <span class='ocrx_word' id='word_1_476' title='bbox 1052 3534 1073 3568; x_wconf 89' lang='lat' dir='ltr'><strong>et</strong></span> <span class='ocrx_word' id='word_1_477' title='bbox 1088 3541 1134 3592; x_wconf 79' lang='lat' dir='ltr'><strong>que</strong></span> <span class='ocrx_word' id='word_1_478' title='bbox 1148 3536 1209 3581; x_wconf 83' lang='lat' dir='ltr'><strong>pacto</strong></span> <span class='ocrx_word' id='word_1_479' title='bbox 1227 3532 1250 3568; x_wconf 89' lang='lat' dir='ltr'><strong>in</strong></span> <span class='ocrx_word' id='word_1_480' title='bbox 1261 3541 1286 3568; x_wconf 81' lang='lat' dir='ltr'><strong>ea</strong></span> 
     </span>
     <span class='ocr_line' id='line_1_48' title="bbox 197 3583 1249 3657; baseline 0 -35"><span class='ocrx_word' id='word_1_481' title='bbox 197 3610 285 3645; x_wconf 65' lang='lat' dir='ltr'><strong>mones</strong></span> <span class='ocrx_word' id='word_1_482' title='bbox 301 3612 357 3646; x_wconf 56' lang='lat' dir='ltr'>suns</span> <span class='ocrx_word' id='word_1_483' title='bbox 376 3599 480 3647; x_wconf 64' lang='lat' dir='ltr'><strong>foenmt</strong></span> <span class='ocrx_word' id='word_1_484' title='bbox 491 3613 498 3645; x_wconf 44' lang='grc' dir='ltr'><strong>ε</strong></span> <span class='ocrx_word' id='word_1_485' title='bbox 511 3601 558 3647; x_wconf 65' lang='lat' dir='ltr'><strong>hoc</strong></span> <span class='ocrx_word' id='word_1_486' title='bbox 569 3601 607 3647; x_wconf 67' lang='lat' dir='ltr'><strong>est</strong></span> <span class='ocrx_word' id='word_1_487' title='bbox 615 3599 676 3657; x_wconf 62' lang='lat' dir='ltr'><strong>iusti</strong></span> <span class='ocrx_word' id='word_1_488' title='bbox 687 3612 728 3645; x_wconf 57' lang='lat' dir='ltr'><strong>a,-</strong></span> <span class='ocrx_word' id='word_1_489' title='bbox 774 3595 798 3622; x_wconf 84' lang='lat' dir='ltr'><strong>re</strong></span> <span class='ocrx_word' id='word_1_490' title='bbox 810 3584 910 3623; x_wconf 83' lang='lat' dir='ltr'><strong>Israelitis</strong></span> <span class='ocrx_word' id='word_1_491' title='bbox 922 3585 1042 3632; x_wconf 76' lang='lat' dir='ltr'><strong>antepositus</strong></span> <span class='ocrx_word' id='word_1_492' title='bbox 1052 3583 1137 3622; x_wconf 81' lang='lat' dir='ltr'><strong>inerunt</strong></span> <span class='ocrx_word' id='word_1_493' title='bbox 1149 3585 1249 3623; x_wconf 77' lang='lat' dir='ltr'><strong>raderes</strong></span> 
     </span>
     <span class='ocr_line' id='line_1_49' title="bbox 198 3664 1286 3727; baseline 0.001 -16"><span class='ocrx_word' id='word_1_494' title='bbox 198 3668 313 3724; x_wconf 81' lang='lat' dir='ltr'><strong>gentum3</strong></span> <span class='ocrx_word' id='word_1_495' title='bbox 326 3668 422 3727; x_wconf 89' lang='lat' dir='ltr'><strong>eloquia</strong></span> <span class='ocrx_word' id='word_1_496' title='bbox 431 3668 499 3715; x_wconf 87' lang='lat' dir='ltr'><strong>enim</strong></span> <span class='ocrx_word' id='word_1_497' title='bbox 505 3667 617 3726; x_wconf 89' lang='lat' dir='ltr'><strong>Domini,</strong></span> <span class='ocrx_word' id='word_1_498' title='bbox 629 3667 727 3727; x_wconf 83' lang='lat' dir='ltr'><strong>eloquia</strong></span> <span class='ocrx_word' id='word_1_499' title='bbox 782 3665 820 3712; x_wconf 77' lang='lat'><strong>65.</strong></span> <span class='ocrx_word' id='word_1_500' title='bbox 829 3666 947 3726; x_wconf 73' lang='lat' dir='ltr'><strong>Dnurpus</strong></span> <span class='ocrx_word' id='word_1_501' title='bbox 955 3664 1286 3725; x_wconf 79' lang='lat' dir='ltr'><strong>mysteriumEcciesiasevi·</strong></span> 
     </span>
     <span class='ocr_line' id='line_1_50' title="bbox 199 3732 1286 3797; baseline 0 -17"><span class='ocrx_word' id='word_1_502' title='bbox 199 3734 277 3794; x_wconf 86' lang='lat' dir='ltr'><strong>easta,</strong></span> <span class='ocrx_word' id='word_1_503' title='bbox 285 3736 413 3794; x_wconf 73' lang='lat' dir='ltr'><strong>argentum</strong></span> <span class='ocrx_word' id='word_1_504' title='bbox 421 3736 477 3794; x_wconf 76' lang='lat' dir='ltr'><strong>igne</strong></span> <span class='ocrx_word' id='word_1_505' title='bbox 486 3737 663 3796; x_wconf 82' lang='lat' dir='ltr'><strong>examinatum,</strong></span> <span class='ocrx_word' id='word_1_506' title='bbox 672 3749 728 3797; x_wconf 88' lang='lat' dir='ltr'><strong>pre-</strong></span> <span class='ocrx_word' id='word_1_507' title='bbox 752 3735 839 3782; x_wconf 89' lang='lat' dir='ltr'><strong>denter</strong></span> <span class='ocrx_word' id='word_1_508' title='bbox 852 3734 1008 3794; x_wconf 78' lang='lat' dir='ltr'><strong>exprimitur.</strong></span> <span class='ocrx_word' id='word_1_509' title='bbox 1020 3733 1130 3780; x_wconf 85' lang='lat' dir='ltr'><strong>Primum</strong></span> <span class='ocrx_word' id='word_1_510' title='bbox 1142 3734 1210 3780; x_wconf 89' lang='lat' dir='ltr'><strong>enim</strong></span> <span class='ocrx_word' id='word_1_511' title='bbox 1221 3732 1286 3780; x_wconf 87' lang='lat' dir='ltr'><strong>dixit</strong></span> 
     </span>
     <span class='ocr_line' id='line_1_51' title="bbox 198 3803 1285 3866; baseline 0 -16"><span class='ocrx_word' id='word_1_512' title='bbox 198 3803 283 3850; x_wconf 85' lang='lat' dir='ltr'><strong>batum</strong></span> <span class='ocrx_word' id='word_1_513' title='bbox 294 3804 381 3862; x_wconf 91' lang='lat' dir='ltr'><strong>terrae,</strong></span> <span class='ocrx_word' id='word_1_514' title='bbox 393 3806 524 3864; x_wconf 65' lang='lat' dir='ltr'><strong>peraratum</strong></span> <span class='ocrx_word' id='word_1_515' title='bbox 537 3806 659 3866; x_wconf 89' lang='lat' dir='ltr'><strong>septuplo.</strong></span> <span class='ocrx_word' id='word_1_516' title='bbox 676 3808 727 3854; x_wconf 84' lang='lat' dir='ltr'><strong>flee</strong></span> <span class='ocrx_word' id='word_1_517' title='bbox 752 3803 783 3851; x_wconf 91' lang='lat' dir='ltr'><strong>ad</strong></span> <span class='ocrx_word' id='word_1_518' title='bbox 790 3803 936 3864; x_wconf 88' lang='lat' dir='ltr'><strong>discipulum</strong></span> <span class='ocrx_word' id='word_1_519' title='bbox 945 3803 1017 3862; x_wconf 80' lang='lat' dir='ltr'><strong>Legis</strong></span> <span class='ocrx_word' id='word_1_520' title='bbox 1026 3815 1032 3846; x_wconf 76' lang='grc' dir='ltr'><strong>ε</strong></span> <span class='ocrx_word' id='word_1_521' title='bbox 1042 3804 1069 3851; x_wconf 91' lang='lat' dir='ltr'><strong>Si</strong></span> <span class='ocrx_word' id='word_1_522' title='bbox 1076 3803 1179 3858; x_wconf 79' lang='lat' dir='ltr'><strong>audieris</strong></span> <span class='ocrx_word' id='word_1_523' title='bbox 1186 3805 1285 3862; x_wconf 62' lang='lat' dir='ltr'><strong>steens,</strong></span> 
     </span>
     <span class='ocr_line' id='line_1_52' title="bbox 198 3871 1287 3935; baseline -0.004 -15"><span class='ocrx_word' id='word_1_524' title='bbox 198 3873 304 3921; x_wconf 83' lang='lat' dir='ltr'><strong>ioenerat</strong></span> <span class='ocrx_word' id='word_1_525' title='bbox 319 3873 363 3933; x_wconf 86' lang='lat' dir='ltr'><strong>qui</strong></span> <span class='ocrx_word' id='word_1_526' title='bbox 383 3873 477 3931; x_wconf 76' lang='lat' dir='ltr'><strong>Legem·</strong></span> <span class='ocrx_word' id='word_1_527' title='bbox 493 3873 596 3934; x_wconf 85' lang='lat' dir='ltr'><strong>accipit,</strong></span> <span class='ocrx_word' id='word_1_528' title='bbox 617 3875 661 3935; x_wconf 83' lang='lat' dir='ltr'><strong>qui</strong></span> <span class='ocrx_word' id='word_1_529' title='bbox 680 3875 728 3922; x_wconf 86' lang='lat' dir='ltr'><strong>Le·</strong></span> <span class='ocrx_word' id='word_1_530' title='bbox 752 3874 774 3920; x_wconf 84' lang='lat' dir='ltr'><strong>ct</strong></span> <span class='ocrx_word' id='word_1_531' title='bbox 788 3874 935 3930; x_wconf 85' lang='lat' dir='ltr'><strong>custodieris,</strong></span> <span class='ocrx_word' id='word_1_532' title='bbox 950 3871 1074 3931; x_wconf 73' lang='lat' dir='ltr'><strong>{enectis</strong></span> <span class='ocrx_word' id='word_1_533' title='bbox 1090 3871 1210 3930; x_wconf 56' lang='lat' dir='ltr'><strong>perlitum</strong></span> <span class='ocrx_word' id='word_1_534' title='bbox 1221 3871 1287 3931; x_wconf 85' lang='lat' dir='ltr'><strong>qued</strong></span> 
     </span>
     <span class='ocr_line' id='line_1_53' title="bbox 198 3939 1288 4000; baseline -0.003 -11"><span class='ocrx_word' id='word_1_535' title='bbox 198 3939 253 4000; x_wconf 75' lang='lat' dir='ltr'><strong>geru</strong></span> <span class='ocrx_word' id='word_1_536' title='bbox 275 3942 422 3999; x_wconf 85' lang='lat' dir='ltr'><strong>meditatur,</strong></span> <span class='ocrx_word' id='word_1_537' title='bbox 441 3940 484 4000; x_wconf 89' lang='lat' dir='ltr'><strong>qui</strong></span> <span class='ocrx_word' id='word_1_538' title='bbox 502 3941 592 3999; x_wconf 77' lang='lat' dir='ltr'><strong>Legem</strong></span> <span class='ocrx_word' id='word_1_539' title='bbox 611 3944 726 3990; x_wconf 85' lang='lat' dir='ltr'><strong>exercet:</strong></span> <span class='ocrx_word' id='word_1_540' title='bbox 752 3939 1133 3999; x_wconf 80' lang='lat' dir='ltr'><strong>factumestapetribusnestris.</strong></span> <span class='ocrx_word' id='word_1_541' title='bbox 1144 3941 1288 3986; x_wconf 77' lang='lat' dir='ltr'><strong>reseravit</strong></span> 
     </span>
     <span class='ocr_line' id='line_1_54' title="bbox 200 4008 1289 4072; baseline -0.004 -12"><span class='ocrx_word' id='word_1_542' title='bbox 200 4012 246 4060; x_wconf 85' lang='lat' dir='ltr'><strong>lroe</strong></span> <span class='ocrx_word' id='word_1_543' title='bbox 261 4011 390 4060; x_wconf 82' lang='lat' dir='ltr'><strong>leeneravit</strong></span> <span class='ocrx_word' id='word_1_544' title='bbox 407 4009 508 4069; x_wconf 86' lang='lat' dir='ltr'><strong>Petrus,</strong></span> <span class='ocrx_word' id='word_1_545' title='bbox 526 4009 573 4058; x_wconf 88' lang='lat' dir='ltr'><strong>boe</strong></span> <span class='ocrx_word' id='word_1_546' title='bbox 594 4008 727 4060; x_wconf 81' lang='lat' dir='ltr'><strong>foeneravit</strong></span> <span class='ocrx_word' id='word_1_547' title='bbox 752 4010 845 4071; x_wconf 87' lang='lat' dir='ltr'><strong>bieyses</strong></span> <span class='ocrx_word' id='word_1_548' title='bbox 854 4009 984 4070; x_wconf 74' lang='lat' dir='ltr'><strong>gentibus,</strong></span> <span class='ocrx_word' id='word_1_549' title='bbox 995 4011 1036 4072; x_wconf 84' lang='lat' dir='ltr'><strong>qul</strong></span> <span class='ocrx_word' id='word_1_550' title='bbox 1048 4008 1186 4069; x_wconf 85' lang='lat' dir='ltr'><strong>proselytos</strong></span> <span class='ocrx_word' id='word_1_551' title='bbox 1200 4008 1289 4068; x_wconf 84' lang='lat' dir='ltr'><strong>acqui·</strong></span> 
     </span>
    </p>
   </div>
   <div class='ocr_carea' id='block_1_7' title="bbox 0 0 1381 4806">
    <p class='ocr_par' dir='ltr' id='par_1_9' title="bbox 0 0 1381 4806">
     <span class='ocr_line' id='line_1_55' title="bbox 0 0 1381 4806; baseline 0 0"><span class='ocrx_word' id='word_1_552' title='bbox 0 0 1381 4806; x_wconf 95' lang='lat' dir='ltr'><strong> </strong></span> 
     </span>
    </p>
   </div>
  </div>
 </body>
</html>
