<?xml version="1.0" encoding="UTF-8"?>
<!DOCTYPE html PUBLIC "-//W3C//DTD XHTML 1.0 Transitional//EN"
    "http://www.w3.org/TR/xhtml1/DTD/xhtml1-transitional.dtd">
<html xmlns="http://www.w3.org/1999/xhtml" xml:lang="en" lang="en">
 <head>
  <title>
</title>
<meta http-equiv="Content-Type" content="text/html;charset=utf-8" />
  <meta name='ocr-system' content='tesseract 3.04.00' />
  <meta name='ocr-capabilities' content='ocr_page ocr_carea ocr_par ocr_line ocrx_word'/>
</head>
<body>
  <div class='ocr_page' id='page_1' title='image "./operaomnia02ambrgoog/operaomnia02ambrgoog_0016.png"; bbox 0 0 2752 4806; ppageno 0'>
   <div class='ocr_carea' id='block_1_1' title="bbox 35 433 1090 790">
    <p class='ocr_par' dir='ltr' id='par_1_1' title="bbox 35 433 1090 790">
     <span class='ocr_line' id='line_1_1' title="bbox 195 433 712 522; baseline -0.01 0"><span class='ocrx_word' id='word_1_1' title='bbox 195 478 197 482; x_wconf 49' lang='lat'><em>⁴</em></span> <span class='ocrx_word' id='word_1_2' title='bbox 562 433 712 522; x_wconf 60' lang='lat' dir='ltr'><strong>Vim</strong></span> 
     </span>
     <span class='ocr_line' id='line_1_2' title="bbox 35 563 1090 790; baseline -0.005 -5"><span class='ocrx_word' id='word_1_3' title='bbox 35 672 49 685; x_wconf 22' lang='lat' dir='ltr'><strong>J*</strong></span> <span class='ocrx_word' id='word_1_4' title='bbox 122 563 126 567; x_wconf 27' lang='lat'><strong>⁹</strong></span> <span class='ocrx_word' id='word_1_5' title='bbox 215 657 559 787; x_wconf 79' lang='lat' dir='ltr'><strong>snuorr</strong></span> <span class='ocrx_word' id='word_1_6' title='bbox 616 663 1090 790; x_wconf 79' lang='lat' dir='ltr'><strong>nmonosrr</strong></span> 
     </span>
    </p>
   </div>
   <div class='ocr_carea' id='block_1_2' title="bbox 414 881 828 956">
    <p class='ocr_par' dir='ltr' id='par_1_2' title="bbox 414 881 828 956">
     <span class='ocr_line' id='line_1_3' title="bbox 414 881 828 956; baseline 0.002 -10"><span class='ocrx_word' id='word_1_7' title='bbox 414 881 416 886; x_wconf 72' lang='grc'><strong>’</strong></span> <span class='ocrx_word' id='word_1_8' title='bbox 451 905 675 948; x_wconf 77' lang='lat' dir='ltr'><strong>usuronnmnsrs</strong></span> <span class='ocrx_word' id='word_1_9' title='bbox 688 906 828 956; x_wconf 82' lang='lat' dir='ltr'><strong>srrscorr,</strong></span> 
     </span>
    </p>
   </div>
   <div class='ocr_carea' id='block_1_3' title="bbox 290 1056 988 1122">
    <p class='ocr_par' dir='ltr' id='par_1_3' title="bbox 290 1056 988 1122">
     <span class='ocr_line' id='line_1_4' title="bbox 290 1056 988 1122; baseline 0 -2"><span class='ocrx_word' id='word_1_10' title='bbox 290 1060 323 1120; x_wconf 67' lang='lat' dir='ltr'>A</span> <span class='ocrx_word' id='word_1_11' title='bbox 353 1056 579 1121; x_wconf 74' lang='lat' dir='ltr'><strong>PAULINO</strong></span> <span class='ocrx_word' id='word_1_12' title='bbox 609 1058 731 1122; x_wconf 82' lang='lat' dir='ltr'>EJUS</span> <span class='ocrx_word' id='word_1_13' title='bbox 764 1058 988 1120; x_wconf 77' lang='lat' dir='ltr'><strong>mornnlo</strong></span> 
     </span>
    </p>
   </div>
   <div class='ocr_carea' id='block_1_4' title="bbox 363 1234 914 1300">
    <p class='ocr_par' dir='ltr' id='par_1_4' title="bbox 363 1234 914 1300">
     <span class='ocr_line' id='line_1_5' title="bbox 363 1234 914 1300; baseline -0.002 -8"><span class='ocrx_word' id='word_1_14' title='bbox 363 1254 400 1292; x_wconf 88' lang='lat' dir='ltr'><strong>nn</strong></span> <span class='ocrx_word' id='word_1_15' title='bbox 415 1254 523 1293; x_wconf 74' lang='lat' dir='ltr'><strong>suarum</strong></span> <span class='ocrx_word' id='word_1_16' title='bbox 539 1255 709 1294; x_wconf 80' lang='lat' dir='ltr'><strong>nucusrmuro</strong></span> <span class='ocrx_word' id='word_1_17' title='bbox 719 1234 884 1300; x_wconf 69' lang='lat' dir='ltr'><strong>&#39;consonum</strong></span> <span class='ocrx_word' id='word_1_18' title='bbox 896 1243 914 1292; x_wconf 83' lang='grc'><strong>·.</strong></span> 
     </span>
    </p>
   </div>
   <div class='ocr_carea' id='block_1_5' title="bbox 556 1450 719 1464">
    <p class='ocr_par' dir='ltr' id='par_1_5' title="bbox 556 1450 719 1464">
     <span class='ocr_line' id='line_1_6' title="bbox 556 1450 719 1464; baseline 0.012 -2"><span class='ocrx_word' id='word_1_19' title='bbox 556 1450 719 1464; x_wconf 51' lang='grc' dir='ltr'><strong><em>Μ</em></strong></span> 
     </span>
    </p>
   </div>
   <div class='ocr_carea' id='block_1_6' title="bbox 40 1577 1229 2791">
    <p class='ocr_par' dir='ltr' id='par_1_6' title="bbox 40 1577 1229 2791">
     <span class='ocr_line' id='line_1_7' title="bbox 102 1577 1177 1692; baseline 0.006 -22"><span class='ocrx_word' id='word_1_20' title='bbox 102 1617 126 1670; x_wconf 86' lang='grc' dir='ltr'><strong>Ι-.</strong></span> <span class='ocrx_word' id='word_1_21' title='bbox 145 1577 330 1686; x_wconf 65' lang='lat' dir='ltr'><strong>Hancine,</strong></span> <span class='ocrx_word' id='word_1_22' title='bbox 346 1618 511 1676; x_wconf 81' lang='lat' dir='ltr'><strong>venerabilis</strong></span> <span class='ocrx_word' id='word_1_23' title='bbox 527 1620 607 1691; x_wconf 89' lang='lat' dir='ltr'><strong>pater</strong></span> <span class='ocrx_word' id='word_1_24' title='bbox 618 1622 787 1692; x_wconf 74' lang='lat' dir='ltr'>Augustino,</span> <span class='ocrx_word' id='word_1_25' title='bbox 804 1622 836 1676; x_wconf 95' lang='lat' dir='ltr'><strong>ut</strong></span> <span class='ocrx_word' id='word_1_26' title='bbox 853 1621 925 1676; x_wconf 91' lang='lat' dir='ltr'><strong>sicut</strong></span> <span class='ocrx_word' id='word_1_27' title='bbox 935 1620 1009 1677; x_wconf 89' lang='lat' dir='ltr'><strong>beati</strong></span> <span class='ocrx_word' id='word_1_28' title='bbox 1023 1619 1075 1677; x_wconf 88' lang='lat' dir='ltr'><strong>viri</strong></span> <span class='ocrx_word' id='word_1_29' title='bbox 1088 1622 1177 1676; x_wconf 79' lang='lat' dir='ltr'><strong>Atha-</strong></span> 
     </span>
     <span class='ocr_line' id='line_1_8' title="bbox 102 1697 1187 1771; baseline 0.006 -23"><span class='ocrx_word' id='word_1_30' title='bbox 102 1697 194 1752; x_wconf 82' lang='lat' dir='ltr'><strong>nasius</strong></span> <span class='ocrx_word' id='word_1_31' title='bbox 208 1699 352 1769; x_wconf 89' lang='lat' dir='ltr'><strong>episcopus</strong></span> <span class='ocrx_word' id='word_1_32' title='bbox 369 1699 593 1770; x_wconf 86' lang='lat' dir='ltr'><strong>etllieronymus</strong></span> <span class='ocrx_word' id='word_1_33' title='bbox 610 1703 753 1771; x_wconf 82' lang='lat' dir='ltr'><strong>presbyter</strong></span> <span class='ocrx_word' id='word_1_34' title='bbox 770 1702 840 1771; x_wconf 90' lang='lat' dir='ltr'><strong>stylo</strong></span> <span class='ocrx_word' id='word_1_35' title='bbox 856 1699 1018 1771; x_wconf 80' lang='lat' dir='ltr'><strong>prosequuti</strong></span> <span class='ocrx_word' id='word_1_36' title='bbox 1033 1703 1097 1755; x_wconf 90' lang='lat' dir='ltr'><strong>sunt</strong></span> <span class='ocrx_word' id='word_1_37' title='bbox 1107 1700 1187 1754; x_wconf 82' lang='lat' dir='ltr'><strong>vitas·</strong></span> 
     </span>
     <span class='ocr_line' id='line_1_9' title="bbox 101 1777 1176 1849; baseline 0.001 -19"><span class='ocrx_word' id='word_1_38' title='bbox 101 1777 259 1832; x_wconf 86' lang='lat' dir='ltr'><strong>sanctorum</strong></span> <span class='ocrx_word' id='word_1_39' title='bbox 277 1778 358 1833; x_wconf 89' lang='lat' dir='ltr'><strong>Pauli</strong></span> <span class='ocrx_word' id='word_1_40' title='bbox 369 1780 399 1833; x_wconf 93' lang='lat' dir='ltr'><strong>et</strong></span> <span class='ocrx_word' id='word_1_41' title='bbox 411 1779 523 1834; x_wconf 78' lang='lat' dir='ltr'><strong>Antonii</strong></span> <span class='ocrx_word' id='word_1_42' title='bbox 544 1781 572 1834; x_wconf 92' lang='lat' dir='ltr'><strong>in</strong></span> <span class='ocrx_word' id='word_1_43' title='bbox 586 1795 679 1834; x_wconf 88' lang='lat' dir='ltr'><strong>eremo</strong></span> <span class='ocrx_word' id='word_1_44' title='bbox 696 1781 862 1849; x_wconf 90' lang='lat' dir='ltr'><strong>positorum,</strong></span> <span class='ocrx_word' id='word_1_45' title='bbox 878 1780 950 1834; x_wconf 91' lang='lat' dir='ltr'><strong>sicut</strong></span> <span class='ocrx_word' id='word_1_46' title='bbox 968 1780 1053 1834; x_wconf 88' lang='lat' dir='ltr'><strong>etiam</strong></span> <span class='ocrx_word' id='word_1_47' title='bbox 1068 1777 1176 1832; x_wconf 85' lang='lat' dir='ltr'><strong>Martini</strong></span> 
     </span>
     <span class='ocr_line' id='line_1_10' title="bbox 101 1850 1229 1927; baseline 0 -17"><span class='ocrx_word' id='word_1_48' title='bbox 101 1856 264 1910; x_wconf 84' lang='lat' dir='ltr'><strong>venerabilis</strong></span> <span class='ocrx_word' id='word_1_49' title='bbox 279 1850 580 1927; x_wconf 78' lang='lat' dir='ltr'><strong>episcopi&#39;luronensis</strong></span> <span class='ocrx_word' id='word_1_50' title='bbox 594 1860 721 1914; x_wconf 85' lang='lat' dir='ltr'><strong>Ecclesiae</strong></span> <span class='ocrx_word' id='word_1_51' title='bbox 734 1862 851 1915; x_wconf 88' lang='lat' dir='ltr'><strong>Severus</strong></span> <span class='ocrx_word' id='word_1_52' title='bbox 864 1874 960 1914; x_wconf 88' lang='lat' dir='ltr'><strong>servus</strong></span> <span class='ocrx_word' id='word_1_53' title='bbox 974 1859 1025 1914; x_wconf 88' lang='lat' dir='ltr'><strong>Dei</strong></span> <span class='ocrx_word' id='word_1_54' title='bbox 1036 1859 1177 1913; x_wconf 88' lang='lat' dir='ltr'><strong>luculento</strong></span> <span class='ocrx_word' id='word_1_55' title='bbox 1227 1854 1229 1858; x_wconf 79' lang='grc'>’</span> 
     </span>
     <span class='ocr_line' id='line_1_11' title="bbox 101 1936 1176 2009; baseline 0.002 -22"><span class='ocrx_word' id='word_1_56' title='bbox 101 1948 227 1990; x_wconf 88' lang='lat' dir='ltr'><strong>sermone</strong></span> <span class='ocrx_word' id='word_1_57' title='bbox 239 1937 397 2003; x_wconf 81' lang='lat' dir='ltr'><strong>contexuit3</strong></span> <span class='ocrx_word' id='word_1_58' title='bbox 409 1937 450 1992; x_wconf 93' lang='lat' dir='ltr'><strong>sic</strong></span> <span class='ocrx_word' id='word_1_59' title='bbox 463 1937 549 1992; x_wconf 88' lang='lat' dir='ltr'><strong>etiam</strong></span> <span class='ocrx_word' id='word_1_60' title='bbox 561 1952 613 2009; x_wconf 88' lang='lat' dir='ltr'><strong>ego</strong></span> <span class='ocrx_word' id='word_1_61' title='bbox 629 1938 782 1993; x_wconf 83' lang='lat' dir='ltr'><strong>beatissimi</strong></span> <span class='ocrx_word' id='word_1_62' title='bbox 794 1938 929 1993; x_wconf 84' lang='lat' dir='ltr'><strong>Ambrosii</strong></span> <span class='ocrx_word' id='word_1_63' title='bbox 941 1937 1063 2008; x_wconf 83' lang='lat' dir='ltr'><strong>episcopi</strong></span> <span class='ocrx_word' id='word_1_64' title='bbox 1072 1936 1176 1991; x_wconf 84' lang='lat' dir='ltr'><strong>Medio-</strong></span> 
     </span>
     <span class='ocr_line' id='line_1_12' title="bbox 102 2012 1177 2086; baseline 0.005 -23"><span class='ocrx_word' id='word_1_65' title='bbox 102 2012 221 2068; x_wconf 88' lang='lat' dir='ltr'><strong>lanensis</strong></span> <span class='ocrx_word' id='word_1_66' title='bbox 240 2015 368 2071; x_wconf 75' lang='lat' dir='ltr'><strong>Ecclesiae</strong></span> <span class='ocrx_word' id='word_1_67' title='bbox 385 2029 448 2070; x_wconf 92' lang='lat' dir='ltr'><strong>meo</strong></span> <span class='ocrx_word' id='word_1_68' title='bbox 464 2030 615 2086; x_wconf 90' lang='lat' dir='ltr'><strong>prosequar</strong></span> <span class='ocrx_word' id='word_1_69' title='bbox 631 2017 710 2086; x_wconf 86' lang='lat' dir='ltr'><strong>stylo.</strong></span> <span class='ocrx_word' id='word_1_70' title='bbox 723 2017 776 2072; x_wconf 89' lang='lat' dir='ltr'><strong>Sed</strong></span> <span class='ocrx_word' id='word_1_71' title='bbox 793 2030 844 2086; x_wconf 87' lang='lat' dir='ltr'><strong>ego</strong></span> <span class='ocrx_word' id='word_1_72' title='bbox 859 2018 892 2071; x_wconf 93' lang='lat' dir='ltr'><strong>ut</strong></span> <span class='ocrx_word' id='word_1_73' title='bbox 911 2016 1018 2071; x_wconf 81' lang='lat' dir='ltr'><strong>meritis</strong></span> <span class='ocrx_word' id='word_1_74' title='bbox 1037 2016 1177 2070; x_wconf 90' lang='lat' dir='ltr'><strong>tantorum</strong></span> 
     </span>
     <span class='ocr_line' id='line_1_13' title="bbox 101 2090 1176 2166; baseline 0.002 -22"><span class='ocrx_word' id='word_1_75' title='bbox 101 2090 239 2159; x_wconf 87' lang='lat' dir='ltr'><strong>vlrorum,</strong></span> <span class='ocrx_word' id='word_1_76' title='bbox 258 2093 306 2163; x_wconf 91' lang='lat' dir='ltr'><strong>qui</strong></span> <span class='ocrx_word' id='word_1_77' title='bbox 319 2093 392 2148; x_wconf 92' lang='lat' dir='ltr'><strong>muri</strong></span> <span class='ocrx_word' id='word_1_78' title='bbox 404 2095 588 2150; x_wconf 84' lang='lat' dir='ltr'><strong>Ecclesiarum</strong></span> <span class='ocrx_word' id='word_1_79' title='bbox 605 2097 684 2160; x_wconf 94' lang='lat' dir='ltr'><strong>sunt,</strong></span> <span class='ocrx_word' id='word_1_80' title='bbox 697 2097 726 2150; x_wconf 88' lang='lat' dir='ltr'><strong>et</strong></span> <span class='ocrx_word' id='word_1_81' title='bbox 737 2094 902 2166; x_wconf 81' lang='lat' dir='ltr'><strong>eloquentiae</strong></span> <span class='ocrx_word' id='word_1_82' title='bbox 917 2093 1020 2160; x_wconf 82' lang='lat' dir='ltr'><strong>fontes3</strong></span> <span class='ocrx_word' id='word_1_83' title='bbox 1036 2092 1075 2148; x_wconf 88' lang='lat' dir='ltr'><strong>ita</strong></span> <span class='ocrx_word' id='word_1_84' title='bbox 1092 2093 1176 2148; x_wconf 90' lang='lat' dir='ltr'><strong>etiam</strong></span> 
     </span>
     <span class='ocr_line' id='line_1_14' title="bbox 100 2171 1177 2247; baseline 0.002 -24"><span class='ocrx_word' id='word_1_85' title='bbox 100 2183 227 2226; x_wconf 79' lang='lat' dir='ltr'><strong>somene</strong></span> <span class='ocrx_word' id='word_1_86' title='bbox 244 2185 288 2226; x_wconf 91' lang='lat' dir='ltr'><strong>me</strong></span> <span class='ocrx_word' id='word_1_87' title='bbox 305 2171 440 2243; x_wconf 87' lang='lat' dir='ltr'><strong>imparem</strong></span> <span class='ocrx_word' id='word_1_88' title='bbox 458 2173 532 2229; x_wconf 90' lang='lat' dir='ltr'><strong>novi.</strong></span> <span class='ocrx_word' id='word_1_89' title='bbox 545 2177 647 2230; x_wconf 83' lang='lat' dir='ltr'><strong>Tamen</strong></span> <span class='ocrx_word' id='word_1_90' title='bbox 659 2174 725 2245; x_wconf 87' lang='lat' dir='ltr'><strong>quia</strong></span> <span class='ocrx_word' id='word_1_91' title='bbox 740 2174 890 2230; x_wconf 87' lang='lat' dir='ltr'><strong>absurdum</strong></span> <span class='ocrx_word' id='word_1_92' title='bbox 904 2189 964 2229; x_wconf 89' lang='lat' dir='ltr'><strong>esse</strong></span> <span class='ocrx_word' id='word_1_93' title='bbox 980 2173 1092 2243; x_wconf 90' lang='lat' dir='ltr'><strong>opinor,</strong></span> <span class='ocrx_word' id='word_1_94' title='bbox 1103 2172 1177 2247; x_wconf 77' lang='lat' dir='ltr'><strong>quoil</strong></span> 
     </span>
     <span class='ocr_line' id='line_1_15' title="bbox 101 2248 1176 2324; baseline 0.003 -23"><span class='ocrx_word' id='word_1_95' title='bbox 101 2248 242 2318; x_wconf 77' lang='lat' dir='ltr'><strong>precipis,</strong></span> <span class='ocrx_word' id='word_1_96' title='bbox 252 2250 407 2318; x_wconf 86' lang='lat' dir='ltr'><strong>declinare,</strong></span> <span class='ocrx_word' id='word_1_97' title='bbox 417 2265 521 2323; x_wconf 87' lang='lat' dir='ltr'><strong>eaquae</strong></span> <span class='ocrx_word' id='word_1_98' title='bbox 533 2267 549 2308; x_wconf 89' lang='lat' dir='ltr'><strong>a</strong></span> <span class='ocrx_word' id='word_1_99' title='bbox 560 2253 757 2322; x_wconf 83' lang='lat' dir='ltr'><strong>probatissimis</strong></span> <span class='ocrx_word' id='word_1_100' title='bbox 766 2253 833 2308; x_wconf 91' lang='lat' dir='ltr'><strong>viris</strong></span> <span class='ocrx_word' id='word_1_101' title='bbox 842 2293 849 2319; x_wconf 93' lang='lat'><strong>,</strong></span> <span class='ocrx_word' id='word_1_102' title='bbox 859 2252 908 2324; x_wconf 89' lang='lat' dir='ltr'><strong>qui</strong></span> <span class='ocrx_word' id='word_1_103' title='bbox 915 2253 954 2306; x_wconf 91' lang='lat' dir='ltr'><strong>illi</strong></span> <span class='ocrx_word' id='word_1_104' title='bbox 963 2253 1027 2307; x_wconf 90' lang='lat' dir='ltr'><strong>ante</strong></span> <span class='ocrx_word' id='word_1_105' title='bbox 1037 2267 1082 2306; x_wconf 90' lang='lat' dir='ltr'><strong>me</strong></span> <span class='ocrx_word' id='word_1_106' title='bbox 1091 2252 1176 2305; x_wconf 86' lang='lat' dir='ltr'><strong>adsti-</strong></span> 
     </span>
     <span class='ocr_line' id='line_1_16' title="bbox 101 2329 1174 2401; baseline 0.003 -22"><span class='ocrx_word' id='word_1_107' title='bbox 101 2329 209 2394; x_wconf 89' lang='lat' dir='ltr'><strong>terunt,</strong></span> <span class='ocrx_word' id='word_1_108' title='bbox 222 2331 250 2384; x_wconf 90' lang='lat' dir='ltr'><strong>et</strong></span> <span class='ocrx_word' id='word_1_109' title='bbox 260 2331 419 2386; x_wconf 81' lang='lat' dir='ltr'><strong>maximeab</strong></span> <span class='ocrx_word' id='word_1_110' title='bbox 428 2345 520 2387; x_wconf 89' lang='lat' dir='ltr'><strong>sorore</strong></span> <span class='ocrx_word' id='word_1_111' title='bbox 530 2331 615 2401; x_wconf 91' lang='lat' dir='ltr'><strong>ipsius</strong></span> <span class='ocrx_word' id='word_1_112' title='bbox 623 2333 775 2388; x_wconf 89' lang='lat' dir='ltr'><strong>venerabili</strong></span> <span class='ocrx_word' id='word_1_113' title='bbox 782 2332 938 2385; x_wconf 76' lang='lat' dir='ltr'><strong>brancellina</strong></span> <span class='ocrx_word' id='word_1_114' title='bbox 947 2331 1032 2384; x_wconf 87' lang='lat' dir='ltr'><strong>didici</strong></span> <span class='ocrx_word' id='word_1_115' title='bbox 1042 2331 1102 2394; x_wconf 88' lang='lat' dir='ltr'><strong>,vel</strong></span> <span class='ocrx_word' id='word_1_116' title='bbox 1111 2344 1174 2398; x_wconf 86' lang='lat' dir='ltr'><strong>quac</strong></span> 
     </span>
     <span class='ocr_line' id='line_1_17' title="bbox 101 2407 1177 2479; baseline 0.004 -21"><span class='ocrx_word' id='word_1_117' title='bbox 101 2407 158 2475; x_wconf 89' lang='lat' dir='ltr'><strong>ipse</strong></span> <span class='ocrx_word' id='word_1_118' title='bbox 167 2407 239 2472; x_wconf 89' lang='lat' dir='ltr'><strong>vidi,</strong></span> <span class='ocrx_word' id='word_1_119' title='bbox 252 2423 315 2463; x_wconf 89' lang='lat' dir='ltr'><strong>cum</strong></span> <span class='ocrx_word' id='word_1_120' title='bbox 324 2409 364 2462; x_wconf 91' lang='lat' dir='ltr'><strong>illi</strong></span> <span class='ocrx_word' id='word_1_121' title='bbox 373 2410 526 2476; x_wconf 88' lang='lat' dir='ltr'><strong>adstarem,</strong></span> <span class='ocrx_word' id='word_1_122' title='bbox 538 2412 582 2466; x_wconf 90' lang='lat' dir='ltr'><strong>vel</strong></span> <span class='ocrx_word' id='word_1_123' title='bbox 591 2425 655 2479; x_wconf 80' lang='lat' dir='ltr'><strong>quae</strong></span> <span class='ocrx_word' id='word_1_124' title='bbox 664 2410 740 2464; x_wconf 90' lang='lat' dir='ltr'><strong>abiis</strong></span> <span class='ocrx_word' id='word_1_125' title='bbox 750 2411 880 2479; x_wconf 84' lang='lat' dir='ltr'><strong>cognovi,</strong></span> <span class='ocrx_word' id='word_1_126' title='bbox 893 2409 942 2478; x_wconf 91' lang='lat' dir='ltr'><strong>qui</strong></span> <span class='ocrx_word' id='word_1_127' title='bbox 955 2408 1072 2463; x_wconf 90' lang='lat' dir='ltr'><strong>illumin</strong></span> <span class='ocrx_word' id='word_1_128' title='bbox 1084 2408 1177 2462; x_wconf 90' lang='lat' dir='ltr'><strong>diver-</strong></span> 
     </span>
     <span class='ocr_line' id='line_1_18' title="bbox 100 2485 1177 2558; baseline 0.004 -20"><span class='ocrx_word' id='word_1_129' title='bbox 100 2485 136 2540; x_wconf 86' lang='lat' dir='ltr'><strong>sis</strong></span> <span class='ocrx_word' id='word_1_130' title='bbox 147 2487 296 2555; x_wconf 79' lang='lat' dir='ltr'><strong>provInciis</strong></span> <span class='ocrx_word' id='word_1_131' title='bbox 307 2488 368 2557; x_wconf 89' lang='lat' dir='ltr'><strong>post</strong></span> <span class='ocrx_word' id='word_1_132' title='bbox 375 2488 484 2542; x_wconf 89' lang='lat' dir='ltr'><strong>obitum</strong></span> <span class='ocrx_word' id='word_1_133' title='bbox 496 2488 582 2558; x_wconf 89' lang='lat' dir='ltr'><strong>ipsius</strong></span> <span class='ocrx_word' id='word_1_134' title='bbox 595 2488 734 2543; x_wconf 89' lang='lat' dir='ltr'><strong>sevidisse</strong></span> <span class='ocrx_word' id='word_1_135' title='bbox 746 2490 910 2554; x_wconf 89' lang='lat' dir='ltr'><strong>narrarunt,</strong></span> <span class='ocrx_word' id='word_1_136' title='bbox 923 2488 966 2543; x_wconf 88' lang='lat' dir='ltr'><strong>vel</strong></span> <span class='ocrx_word' id='word_1_137' title='bbox 979 2502 1041 2558; x_wconf 85' lang='lat' dir='ltr'><strong>quac</strong></span> <span class='ocrx_word' id='word_1_138' title='bbox 1052 2488 1086 2542; x_wconf 93' lang='lat' dir='ltr'><strong>ad</strong></span> <span class='ocrx_word' id='word_1_139' title='bbox 1099 2488 1177 2542; x_wconf 92' lang='lat' dir='ltr'><strong>illum</strong></span> 
     </span>
     <span class='ocr_line' id='line_1_19' title="bbox 40 2564 1176 2637; baseline 0.007 -25"><span class='ocrx_word' id='word_1_140' title='bbox 40 2608 43 2612; x_wconf 85' lang='grc'><em>,</em></span> <span class='ocrx_word' id='word_1_141' title='bbox 98 2564 202 2633; x_wconf 90' lang='lat' dir='ltr'><strong>scripta</strong></span> <span class='ocrx_word' id='word_1_142' title='bbox 212 2568 291 2630; x_wconf 91' lang='lat' dir='ltr'><strong>sunt,</strong></span> <span class='ocrx_word' id='word_1_143' title='bbox 301 2567 464 2621; x_wconf 77' lang='lat' dir='ltr'><strong>cumadbuc</strong></span> <span class='ocrx_word' id='word_1_144' title='bbox 473 2567 573 2622; x_wconf 88' lang='lat' dir='ltr'><strong>obiisse</strong></span> <span class='ocrx_word' id='word_1_145' title='bbox 583 2567 736 2622; x_wconf 87' lang='lat' dir='ltr'><strong>nesciretur</strong></span> <span class='ocrx_word' id='word_1_146' title='bbox 750 2567 878 2637; x_wconf 73' lang='lat' dir='ltr'><strong>:adiutus</strong></span> <span class='ocrx_word' id='word_1_147' title='bbox 888 2567 1057 2622; x_wconf 90' lang='lat' dir='ltr'><strong>orationibus</strong></span> <span class='ocrx_word' id='word_1_148' title='bbox 1066 2567 1136 2631; x_wconf 89' lang='lat' dir='ltr'><strong>tuis,</strong></span> <span class='ocrx_word' id='word_1_149' title='bbox 1147 2569 1176 2621; x_wconf 87' lang='lat' dir='ltr'><strong>et</strong></span> 
     </span>
     <span class='ocr_line' id='line_1_20' title="bbox 99 2643 1175 2716; baseline 0.002 -20"><span class='ocrx_word' id='word_1_150' title='bbox 99 2643 205 2697; x_wconf 89' lang='lat' dir='ltr'><strong>meritis</strong></span> <span class='ocrx_word' id='word_1_151' title='bbox 221 2643 291 2697; x_wconf 88' lang='lat' dir='ltr'><strong>tanti</strong></span> <span class='ocrx_word' id='word_1_152' title='bbox 306 2644 375 2710; x_wconf 92' lang='lat' dir='ltr'><strong>viri,</strong></span> <span class='ocrx_word' id='word_1_153' title='bbox 390 2645 456 2700; x_wconf 89' lang='lat' dir='ltr'><strong>licet</strong></span> <span class='ocrx_word' id='word_1_154' title='bbox 471 2645 574 2701; x_wconf 90' lang='lat' dir='ltr'><strong>inculto</strong></span> <span class='ocrx_word' id='word_1_155' title='bbox 588 2660 730 2711; x_wconf 88' lang='lat' dir='ltr'><strong>sermone,</strong></span> <span class='ocrx_word' id='word_1_156' title='bbox 747 2647 871 2702; x_wconf 89' lang='lat' dir='ltr'><strong>breviter</strong></span> <span class='ocrx_word' id='word_1_157' title='bbox 881 2647 1055 2716; x_wconf 87' lang='lat' dir='ltr'><strong>strictimque</strong></span> <span class='ocrx_word' id='word_1_158' title='bbox 1067 2646 1175 2701; x_wconf 90' lang='lat' dir='ltr'><strong>descri-</strong></span> 
     </span>
     <span class='ocr_line' id='line_1_21' title="bbox 98 2723 1174 2791; baseline 0.005 -16"><span class='ocrx_word' id='word_1_159' title='bbox 98 2723 162 2776; x_wconf 94' lang='lat' dir='ltr'><strong>bam</strong></span> <span class='ocrx_word' id='word_1_160' title='bbox 169 2738 177 2787; x_wconf 93' lang='lat'>;</span> <span class='ocrx_word' id='word_1_161' title='bbox 194 2725 224 2776; x_wconf 94' lang='lat' dir='ltr'><strong>ut</strong></span> <span class='ocrx_word' id='word_1_162' title='bbox 238 2724 348 2778; x_wconf 92' lang='lat' dir='ltr'><strong>lectoris</strong></span> <span class='ocrx_word' id='word_1_163' title='bbox 360 2724 482 2780; x_wconf 88' lang='lat' dir='ltr'><strong>animum</strong></span> <span class='ocrx_word' id='word_1_164' title='bbox 498 2725 549 2780; x_wconf 87' lang='lat' dir='ltr'><strong>etsi</strong></span> <span class='ocrx_word' id='word_1_165' title='bbox 561 2741 650 2781; x_wconf 88' lang='lat' dir='ltr'><strong>sermo</strong></span> <span class='ocrx_word' id='word_1_166' title='bbox 662 2725 825 2791; x_wconf 85' lang='lat' dir='ltr'><strong>offenderit,</strong></span> <span class='ocrx_word' id='word_1_167' title='bbox 839 2726 961 2781; x_wconf 87' lang='lat' dir='ltr'><strong>brevitas</strong></span> <span class='ocrx_word' id='word_1_168' title='bbox 973 2728 1068 2781; x_wconf 87' lang='lat' dir='ltr'><strong>tamen</strong></span> <span class='ocrx_word' id='word_1_169' title='bbox 1085 2726 1120 2780; x_wconf 92' lang='lat' dir='ltr'><strong>ad</strong></span> <span class='ocrx_word' id='word_1_170' title='bbox 1132 2727 1174 2780; x_wconf 91' lang='lat' dir='ltr'><strong>le·</strong></span> 
     </span>
    </p>
   </div>
   <div class='ocr_carea' id='block_1_7' title="bbox 63 2798 1266 2872">
    <p class='ocr_par' dir='ltr' id='par_1_7' title="bbox 63 2798 1266 2872">
     <span class='ocr_line' id='line_1_22' title="bbox 63 2798 1266 2872; baseline 0.002 -17"><span class='ocrx_word' id='word_1_171' title='bbox 63 2822 70 2829; x_wconf 58' lang='grc'><strong><em>’</em></strong></span> <span class='ocrx_word' id='word_1_172' title='bbox 98 2801 219 2869; x_wconf 84' lang='lat' dir='ltr'><strong>gendum</strong></span> <span class='ocrx_word' id='word_1_173' title='bbox 234 2805 364 2872; x_wconf 88' lang='lat' dir='ltr'><strong>provocet</strong></span> <span class='ocrx_word' id='word_1_174' title='bbox 380 2818 387 2857; x_wconf 96' lang='lat'><strong>:</strong></span> <span class='ocrx_word' id='word_1_175' title='bbox 404 2819 456 2859; x_wconf 91' lang='lat' dir='ltr'><strong>uec</strong></span> <span class='ocrx_word' id='word_1_176' title='bbox 467 2805 614 2860; x_wconf 89' lang='lat' dir='ltr'><strong>verbomm</strong></span> <span class='ocrx_word' id='word_1_177' title='bbox 633 2804 704 2858; x_wconf 83' lang='lat' dir='ltr'><strong>tucis</strong></span> <span class='ocrx_word' id='word_1_178' title='bbox 721 2804 868 2860; x_wconf 88' lang='lat' dir='ltr'><strong>veritatem</strong></span> <span class='ocrx_word' id='word_1_179' title='bbox 885 2805 1035 2870; x_wconf 88' lang='lat' dir='ltr'><strong>obducam,</strong></span> <span class='ocrx_word' id='word_1_180' title='bbox 1054 2820 1090 2858; x_wconf 89' lang='lat' dir='ltr'><strong>nc</strong></span> <span class='ocrx_word' id='word_1_181' title='bbox 1107 2805 1174 2858; x_wconf 89' lang='lat' dir='ltr'><strong>dum</strong></span> <span class='ocrx_word' id='word_1_182' title='bbox 1263 2798 1266 2801; x_wconf 79' lang='grc'><strong>’</strong></span> 
     </span>
    </p>
   </div>
   <div class='ocr_carea' id='block_1_8' title="bbox 98 2881 1176 3192">
    <p class='ocr_par' dir='ltr' id='par_1_8' title="bbox 98 2881 1176 3192">
     <span class='ocr_line' id='line_1_23' title="bbox 98 2881 1175 2954; baseline 0.004 -22"><span class='ocrx_word' id='word_1_183' title='bbox 98 2881 214 2950; x_wconf 89' lang='lat' dir='ltr'><strong>scriptor</strong></span> <span class='ocrx_word' id='word_1_184' title='bbox 226 2882 370 2954; x_wconf 80' lang='lat' dir='ltr'><strong>elegantiae</strong></span> <span class='ocrx_word' id='word_1_185' title='bbox 379 2898 507 2954; x_wconf 87' lang='lat' dir='ltr'><strong>pompam</strong></span> <span class='ocrx_word' id='word_1_186' title='bbox 518 2884 651 2954; x_wconf 87' lang='lat' dir='ltr'><strong>requirit,</strong></span> <span class='ocrx_word' id='word_1_187' title='bbox 667 2883 754 2949; x_wconf 79' lang='lat' dir='ltr'><strong>lector</strong></span> <span class='ocrx_word' id='word_1_188' title='bbox 765 2884 907 2937; x_wconf 91' lang='lat' dir='ltr'><strong>tantarum</strong></span> <span class='ocrx_word' id='word_1_189' title='bbox 918 2882 1054 2937; x_wconf 91' lang='lat' dir='ltr'><strong>virtutum</strong></span> <span class='ocrx_word' id='word_1_190' title='bbox 1066 2883 1175 2937; x_wconf 83' lang='lat' dir='ltr'><strong>amittat</strong></span> 
     </span>
     <span class='ocr_line' id='line_1_24' title="bbox 99 2960 1176 3034; baseline 0.003 -22"><span class='ocrx_word' id='word_1_191' title='bbox 99 2960 257 3027; x_wconf 89' lang='lat' dir='ltr'><strong>scientiam,</strong></span> <span class='ocrx_word' id='word_1_192' title='bbox 267 2977 351 3033; x_wconf 89' lang='lat' dir='ltr'><strong>quem</strong></span> <span class='ocrx_word' id='word_1_193' title='bbox 357 2977 411 3017; x_wconf 92' lang='lat' dir='ltr'><strong>non</strong></span> <span class='ocrx_word' id='word_1_194' title='bbox 422 2963 509 3033; x_wconf 88' lang='lat' dir='ltr'><strong>magis</strong></span> <span class='ocrx_word' id='word_1_195' title='bbox 517 2964 659 3034; x_wconf 89' lang='lat' dir='ltr'><strong>phaleras,</strong></span> <span class='ocrx_word' id='word_1_196' title='bbox 669 2977 838 3033; x_wconf 89' lang='lat' dir='ltr'><strong>pompasque</strong></span> <span class='ocrx_word' id='word_1_197' title='bbox 850 2963 1014 3028; x_wconf 92' lang='lat' dir='ltr'><strong>verborum,</strong></span> <span class='ocrx_word' id='word_1_198' title='bbox 1026 2977 1110 3032; x_wconf 89' lang='lat' dir='ltr'><strong>quam</strong></span> <span class='ocrx_word' id='word_1_199' title='bbox 1119 2963 1176 3016; x_wconf 92' lang='lat' dir='ltr'><strong>vir-</strong></span> 
     </span>
     <span class='ocr_line' id='line_1_25' title="bbox 100 3040 1174 3112; baseline 0.005 -22"><span class='ocrx_word' id='word_1_200' title='bbox 100 3040 187 3094; x_wconf 89' lang='lat' dir='ltr'><strong>tutem</strong></span> <span class='ocrx_word' id='word_1_201' title='bbox 197 3055 306 3106; x_wconf 89' lang='lat' dir='ltr'><strong>rerum,</strong></span> <span class='ocrx_word' id='word_1_202' title='bbox 317 3043 488 3112; x_wconf 82' lang='lat' dir='ltr'><strong>gratiamque</strong></span> <span class='ocrx_word' id='word_1_203' title='bbox 500 3042 617 3112; x_wconf 89' lang='lat' dir='ltr'><strong>Spiritus</strong></span> <span class='ocrx_word' id='word_1_204' title='bbox 628 3042 716 3097; x_wconf 92' lang='lat' dir='ltr'><strong>sancti</strong></span> <span class='ocrx_word' id='word_1_205' title='bbox 725 3044 851 3111; x_wconf 89' lang='lat' dir='ltr'><strong>spectare</strong></span> <span class='ocrx_word' id='word_1_206' title='bbox 864 3041 1020 3096; x_wconf 88' lang='lat' dir='ltr'><strong>conveniat.</strong></span> <span class='ocrx_word' id='word_1_207' title='bbox 1032 3041 1174 3112; x_wconf 86' lang='lat' dir='ltr'><strong>Siquidem</strong></span> 
     </span>
     <span class='ocr_line' id='line_1_26' title="bbox 100 3119 1175 3192; baseline 0.002 -20"><span class='ocrx_word' id='word_1_208' title='bbox 100 3119 255 3175; x_wconf 86' lang='lat' dir='ltr'><strong>noverimus</strong></span> <span class='ocrx_word' id='word_1_209' title='bbox 264 3121 382 3176; x_wconf 90' lang='lat' dir='ltr'><strong>viatores</strong></span> <span class='ocrx_word' id='word_1_210' title='bbox 390 3122 539 3191; x_wconf 88' lang='lat' dir='ltr'><strong>gratiorem</strong></span> <span class='ocrx_word' id='word_1_211' title='bbox 547 3121 841 3192; x_wconf 88' lang='lat' dir='ltr'><strong>habereaquambrevi</strong></span> <span class='ocrx_word' id='word_1_212' title='bbox 848 3135 918 3175; x_wconf 89' lang='lat' dir='ltr'><strong>vena</strong></span> <span class='ocrx_word' id='word_1_213' title='bbox 927 3119 1093 3184; x_wconf 88' lang='lat' dir='ltr'><strong>stillantem,</strong></span> <span class='ocrx_word' id='word_1_214' title='bbox 1104 3119 1175 3174; x_wconf 82' lang='lat' dir='ltr'><strong>torte</strong></span> 
     </span>
    </p>
   </div>
   <div class='ocr_carea' id='block_1_9' title="bbox 99 3194 1272 3270">
    <p class='ocr_par' dir='ltr' id='par_1_9' title="bbox 99 3194 1272 3270">
     <span class='ocr_line' id='line_1_27' title="bbox 99 3194 1272 3270; baseline 0.001 -19"><span class='ocrx_word' id='word_1_215' title='bbox 99 3212 163 3252; x_wconf 88' lang='lat' dir='ltr'><strong>cum</strong></span> <span class='ocrx_word' id='word_1_216' title='bbox 179 3199 290 3265; x_wconf 92' lang='lat' dir='ltr'><strong>sitiunt,</strong></span> <span class='ocrx_word' id='word_1_217' title='bbox 302 3200 558 3270; x_wconf 21' lang='lat' dir='ltr'><strong>quamgprotluentis</strong></span> <span class='ocrx_word' id='word_1_218' title='bbox 574 3199 658 3256; x_wconf 84' lang='lat' dir='ltr'><strong>fontis</strong></span> <span class='ocrx_word' id='word_1_219' title='bbox 670 3201 758 3264; x_wconf 90' lang='lat' dir='ltr'><strong>rivos,</strong></span> <span class='ocrx_word' id='word_1_220' title='bbox 771 3213 889 3268; x_wconf 90' lang='lat' dir='ltr'><strong>quorum</strong></span> <span class='ocrx_word' id='word_1_221' title='bbox 904 3199 1011 3268; x_wconf 89' lang='lat' dir='ltr'><strong>copiam</strong></span> <span class='ocrx_word' id='word_1_222' title='bbox 1027 3199 1087 3252; x_wconf 91' lang='lat' dir='ltr'><strong>sitis</strong></span> <span class='ocrx_word' id='word_1_223' title='bbox 1100 3201 1174 3252; x_wconf 90' lang='lat' dir='ltr'><strong>tem-</strong></span> <span class='ocrx_word' id='word_1_224' title='bbox 1266 3194 1272 3204; x_wconf 60' lang='lat'><strong><em>²</em></strong></span> 
     </span>
    </p>
   </div>
   <div class='ocr_carea' id='block_1_10' title="bbox 98 3277 1174 3824">
    <p class='ocr_par' dir='ltr' id='par_1_10' title="bbox 99 3277 1174 3570">
     <span class='ocr_line' id='line_1_28' title="bbox 99 3277 1174 3348; baseline 0.002 -18"><span class='ocrx_word' id='word_1_225' title='bbox 99 3291 165 3345; x_wconf 91' lang='lat' dir='ltr'><strong>pore</strong></span> <span class='ocrx_word' id='word_1_226' title='bbox 174 3280 295 3348; x_wconf 88' lang='lat' dir='ltr'><strong>reperire</strong></span> <span class='ocrx_word' id='word_1_227' title='bbox 309 3294 364 3335; x_wconf 94' lang='lat' dir='ltr'><strong>non</strong></span> <span class='ocrx_word' id='word_1_228' title='bbox 377 3282 501 3348; x_wconf 87' lang='lat' dir='ltr'><strong>possunt.</strong></span> <span class='ocrx_word' id='word_1_229' title='bbox 515 3280 546 3332; x_wconf 79' lang='lat' dir='ltr'><strong>lit</strong></span> <span class='ocrx_word' id='word_1_230' title='bbox 563 3279 733 3334; x_wconf 88' lang='lat' dir='ltr'><strong>hordeaceus</strong></span> <span class='ocrx_word' id='word_1_231' title='bbox 747 3280 826 3348; x_wconf 92' lang='lat' dir='ltr'><strong>panis</strong></span> <span class='ocrx_word' id='word_1_232' title='bbox 838 3279 926 3333; x_wconf 88' lang='lat' dir='ltr'><strong>dulcis</strong></span> <span class='ocrx_word' id='word_1_233' title='bbox 938 3279 1006 3332; x_wconf 90' lang='lat' dir='ltr'><strong>solet</strong></span> <span class='ocrx_word' id='word_1_234' title='bbox 1019 3291 1078 3332; x_wconf 91' lang='lat' dir='ltr'><strong>esse</strong></span> <span class='ocrx_word' id='word_1_235' title='bbox 1089 3277 1174 3332; x_wconf 87' lang='lat' dir='ltr'><strong>etiam</strong></span> 
     </span>
     <span class='ocr_line' id='line_1_29' title="bbox 101 3357 1173 3429; baseline 0.002 -21"><span class='ocrx_word' id='word_1_236' title='bbox 101 3357 156 3422; x_wconf 81' lang='lat' dir='ltr'><strong>liis,</strong></span> <span class='ocrx_word' id='word_1_237' title='bbox 167 3358 216 3427; x_wconf 90' lang='lat' dir='ltr'><strong>qui</strong></span> <span class='ocrx_word' id='word_1_238' title='bbox 228 3359 351 3414; x_wconf 89' lang='lat' dir='ltr'><strong>centenis</strong></span> <span class='ocrx_word' id='word_1_239' title='bbox 362 3358 470 3413; x_wconf 88' lang='lat' dir='ltr'><strong>vicibus</strong></span> <span class='ocrx_word' id='word_1_240' title='bbox 485 3357 652 3413; x_wconf 86' lang='lat' dir='ltr'><strong>ferculorum</strong></span> <span class='ocrx_word' id='word_1_241' title='bbox 663 3358 816 3429; x_wconf 88' lang='lat' dir='ltr'><strong>quotidiani</strong></span> <span class='ocrx_word' id='word_1_242' title='bbox 826 3357 944 3412; x_wconf 93' lang='lat' dir='ltr'><strong>convivii</strong></span> <span class='ocrx_word' id='word_1_243' title='bbox 958 3358 1051 3425; x_wconf 88' lang='lat' dir='ltr'><strong>copias</strong></span> <span class='ocrx_word' id='word_1_244' title='bbox 1062 3358 1173 3411; x_wconf 87' lang='lat' dir='ltr'><strong>ructare</strong></span> 
     </span>
     <span class='ocr_line' id='line_1_30' title="bbox 99 3436 1174 3504; baseline 0.002 -16"><span class='ocrx_word' id='word_1_245' title='bbox 99 3440 276 3491; x_wconf 83' lang='lat' dir='ltr'><strong>consuerunt.</strong></span> <span class='ocrx_word' id='word_1_246' title='bbox 286 3437 338 3494; x_wconf 88' lang='lat' dir='ltr'><strong>sed</strong></span> <span class='ocrx_word' id='word_1_247' title='bbox 348 3440 377 3493; x_wconf 90' lang='lat' dir='ltr'><strong>et</strong></span> <span class='ocrx_word' id='word_1_248' title='bbox 385 3438 527 3492; x_wconf 86' lang='lat' dir='ltr'><strong>hortorum</strong></span> <span class='ocrx_word' id='word_1_249' title='bbox 536 3450 646 3492; x_wconf 87' lang='lat' dir='ltr'><strong>amoena</strong></span> <span class='ocrx_word' id='word_1_250' title='bbox 656 3437 820 3492; x_wconf 90' lang='lat' dir='ltr'><strong>mirantibus</strong></span> <span class='ocrx_word' id='word_1_251' title='bbox 829 3438 922 3492; x_wconf 76' lang='lat' dir='ltr'><strong>herbae</strong></span> <span class='ocrx_word' id='word_1_252' title='bbox 931 3439 1053 3504; x_wconf 87' lang='lat' dir='ltr'><strong>agrestes</strong></span> <span class='ocrx_word' id='word_1_253' title='bbox 1064 3436 1174 3503; x_wconf 89' lang='lat' dir='ltr'><strong>placere</strong></span> 
     </span>
     <span class='ocr_line' id='line_1_31' title="bbox 99 3519 312 3570; baseline 0 -3"><span class='ocrx_word' id='word_1_254' title='bbox 99 3519 312 3570; x_wconf 85' lang='lat' dir='ltr'><strong>consueverunt.</strong></span> 
     </span>
    </p>

    <p class='ocr_par' dir='ltr' id='par_1_11' title="bbox 98 3591 1173 3824">
     <span class='ocr_line' id='line_1_32' title="bbox 131 3591 1173 3664; baseline 0 -17"><span class='ocrx_word' id='word_1_255' title='bbox 131 3595 156 3647; x_wconf 60' lang='grc' dir='ltr'><strong>ἓ.</strong></span> <span class='ocrx_word' id='word_1_256' title='bbox 167 3597 350 3662; x_wconf 79' lang='lat' dir='ltr'><strong>Quamobrem</strong></span> <span class='ocrx_word' id='word_1_257' title='bbox 360 3597 472 3651; x_wconf 91' lang='lat' dir='ltr'><strong>obsecro</strong></span> <span class='ocrx_word' id='word_1_258' title='bbox 484 3607 531 3650; x_wconf 89' lang='lat' dir='ltr'><strong>vos</strong></span> <span class='ocrx_word' id='word_1_259' title='bbox 540 3608 650 3659; x_wconf 89' lang='lat' dir='ltr'><strong>omnes,</strong></span> <span class='ocrx_word' id='word_1_260' title='bbox 663 3594 821 3664; x_wconf 77' lang='lat' dir='ltr'><strong>inquorum</strong></span> <span class='ocrx_word' id='word_1_261' title='bbox 830 3592 956 3648; x_wconf 91' lang='lat' dir='ltr'><strong>manibus</strong></span> <span class='ocrx_word' id='word_1_262' title='bbox 967 3591 1037 3648; x_wconf 89' lang='lat' dir='ltr'><strong>liber</strong></span> <span class='ocrx_word' id='word_1_263' title='bbox 1048 3591 1100 3648; x_wconf 90' lang='lat' dir='ltr'><strong>iste</strong></span> <span class='ocrx_word' id='word_1_264' title='bbox 1106 3607 1173 3649; x_wconf 89' lang='lat' dir='ltr'><strong>ver-</strong></span> 
     </span>
     <span class='ocr_line' id='line_1_33' title="bbox 98 3673 1171 3744; baseline -0.003 -15"><span class='ocrx_word' id='word_1_265' title='bbox 98 3675 218 3740; x_wconf 85' lang='lat' dir='ltr'><strong>sabitur,</strong></span> <span class='ocrx_word' id='word_1_266' title='bbox 237 3677 268 3729; x_wconf 92' lang='lat' dir='ltr'><strong>ut</strong></span> <span class='ocrx_word' id='word_1_267' title='bbox 281 3675 398 3729; x_wconf 89' lang='lat' dir='ltr'><strong>credatis</strong></span> <span class='ocrx_word' id='word_1_268' title='bbox 415 3688 479 3729; x_wconf 89' lang='lat' dir='ltr'><strong>vera</strong></span> <span class='ocrx_word' id='word_1_269' title='bbox 491 3689 551 3739; x_wconf 88' lang='lat' dir='ltr'><strong>esse</strong></span> <span class='ocrx_word' id='word_1_270' title='bbox 565 3688 629 3744; x_wconf 86' lang='lat' dir='ltr'><strong>quaa</strong></span> <span class='ocrx_word' id='word_1_271' title='bbox 639 3673 798 3742; x_wconf 87' lang='lat' dir='ltr'><strong>scripsimus</strong></span> <span class='ocrx_word' id='word_1_272' title='bbox 810 3687 876 3727; x_wconf 88' lang='lat' dir='ltr'><strong>:nee</strong></span> <span class='ocrx_word' id='word_1_273' title='bbox 885 3674 963 3742; x_wconf 89' lang='lat' dir='ltr'><strong>putet</strong></span> <span class='ocrx_word' id='word_1_274' title='bbox 972 3686 1017 3727; x_wconf 88' lang='lat' dir='ltr'><strong>me</strong></span> <span class='ocrx_word' id='word_1_275' title='bbox 1026 3673 1171 3742; x_wconf 90' lang='lat' dir='ltr'><strong>quisquam</strong></span> 
     </span>
     <span class='ocr_line' id='line_1_34' title="bbox 98 3750 1172 3824; baseline -0.002 -16"><span class='ocrx_word' id='word_1_276' title='bbox 98 3754 188 3809; x_wconf 84' lang='lat' dir='ltr'><strong>studio</strong></span> <span class='ocrx_word' id='word_1_277' title='bbox 196 3753 297 3808; x_wconf 82' lang='lat' dir='ltr'><strong>arnonis</strong></span> <span class='ocrx_word' id='word_1_278' title='bbox 309 3752 413 3824; x_wconf 86' lang='lat' dir='ltr'><strong>aliquid</strong></span> <span class='ocrx_word' id='word_1_279' title='bbox 421 3753 495 3823; x_wconf 91' lang='lat' dir='ltr'><strong>quod</strong></span> <span class='ocrx_word' id='word_1_280' title='bbox 504 3750 558 3808; x_wconf 82' lang='lat' dir='ltr'><strong>side</strong></span> <span class='ocrx_word' id='word_1_281' title='bbox 570 3754 676 3818; x_wconf 89' lang='lat' dir='ltr'><strong>careat,</strong></span> <span class='ocrx_word' id='word_1_282' title='bbox 689 3751 827 3821; x_wconf 82' lang='lat' dir='ltr'><strong>posuisse3</strong></span> <span class='ocrx_word' id='word_1_283' title='bbox 840 3751 1063 3822; x_wconf 85' lang='lat' dir='ltr'><strong>quandoquidem</strong></span> <span class='ocrx_word' id='word_1_284' title='bbox 1073 3752 1172 3806; x_wconf 85' lang='lat' dir='ltr'><strong>melius</strong></span> 
     </span>
    </p>
   </div>
   <div class='ocr_carea' id='block_1_11' title="bbox 98 3888 1172 4112">
    <p class='ocr_par' dir='ltr' id='par_1_12' title="bbox 98 3888 1172 4112">
     <span class='ocr_line' id='line_1_35' title="bbox 122 3888 1172 3940; baseline -0.007 -9"><span class='ocrx_word' id='word_1_285' title='bbox 122 3893 198 3931; x_wconf 81' lang='lat' dir='ltr'><strong>‘iilud</strong></span> <span class='ocrx_word' id='word_1_286' title='bbox 207 3892 228 3930; x_wconf 87' lang='lat' dir='ltr'><strong>in</strong></span> <span class='ocrx_word' id='word_1_287' title='bbox 239 3892 280 3930; x_wconf 86' lang='lat' dir='ltr'><strong>hoc</strong></span> <span class='ocrx_word' id='word_1_288' title='bbox 288 3891 370 3930; x_wconf 82' lang='lat' dir='ltr'><strong>Paulini</strong></span> <span class='ocrx_word' id='word_1_289' title='bbox 378 3891 479 3940; x_wconf 86' lang='lat' dir='ltr'><strong>opusculo</strong></span> <span class='ocrx_word' id='word_1_290' title='bbox 490 3892 582 3929; x_wconf 81' lang='lat' dir='ltr'><strong>maximo</strong></span> <span class='ocrx_word' id='word_1_291' title='bbox 595 3890 735 3937; x_wconf 76' lang='lat' dir='ltr'><strong>desideratur,</strong></span> <span class='ocrx_word' id='word_1_292' title='bbox 745 3891 804 3940; x_wconf 84' lang='lat' dir='ltr'><strong>quod</strong></span> <span class='ocrx_word' id='word_1_293' title='bbox 816 3891 851 3929; x_wconf 83' lang='lat' dir='ltr'><strong>vix</strong></span> <span class='ocrx_word' id='word_1_294' title='bbox 859 3891 927 3929; x_wconf 85' lang='lat' dir='ltr'><strong>ullam</strong></span> <span class='ocrx_word' id='word_1_295' title='bbox 939 3890 963 3928; x_wconf 87' lang='lat' dir='ltr'><strong>ln</strong></span> <span class='ocrx_word' id='word_1_296' title='bbox 976 3889 1039 3927; x_wconf 85' lang='lat' dir='ltr'><strong>rebus</strong></span> <span class='ocrx_word' id='word_1_297' title='bbox 1048 3888 1172 3926; x_wconf 69' lang='lat' dir='ltr'><strong>enarrandi:</strong></span> 
     </span>
     <span class='ocr_line' id='line_1_36' title="bbox 99 3946 1172 3998; baseline -0.007 -10"><span class='ocrx_word' id='word_1_298' title='bbox 99 3951 243 3998; x_wconf 72' lang='lat' dir='ltr'><strong>chronologiae</strong></span> <span class='ocrx_word' id='word_1_299' title='bbox 256 3950 357 3988; x_wconf 86' lang='lat' dir='ltr'><strong>habuerit</strong></span> <span class='ocrx_word' id='word_1_300' title='bbox 372 3951 489 3996; x_wconf 78' lang='lat' dir='ltr'><strong>rationem,</strong></span> <span class='ocrx_word' id='word_1_301' title='bbox 502 3953 522 3986; x_wconf 85' lang='lat' dir='ltr'><strong>et</strong></span> <span class='ocrx_word' id='word_1_302' title='bbox 536 3950 625 3987; x_wconf 90' lang='lat' dir='ltr'><strong>nullum</strong></span> <span class='ocrx_word' id='word_1_303' title='bbox 640 3949 661 3989; x_wconf 87' lang='lat' dir='ltr'><strong>S.</strong></span> <span class='ocrx_word' id='word_1_304' title='bbox 674 3949 769 3988; x_wconf 83' lang='lat' dir='ltr'><strong>Doctoris</strong></span> <span class='ocrx_word' id='word_1_305' title='bbox 780 3950 911 3996; x_wconf 85' lang='lat' dir='ltr'><strong>scriptorum</strong></span> <span class='ocrx_word' id='word_1_306' title='bbox 926 3948 1047 3994; x_wconf 79' lang='lat' dir='ltr'><strong>catalogum</strong></span> <span class='ocrx_word' id='word_1_307' title='bbox 1062 3946 1172 3984; x_wconf 82' lang='lat' dir='ltr'><strong>curaverit</strong></span> 
     </span>
     <span class='ocr_line' id='line_1_37' title="bbox 99 4002 1172 4057; baseline -0.009 -11"><span class='ocrx_word' id='word_1_308' title='bbox 99 4011 217 4047; x_wconf 75' lang='lat' dir='ltr'><strong>contexere.</strong></span> <span class='ocrx_word' id='word_1_309' title='bbox 227 4007 298 4057; x_wconf 87' lang='lat' dir='ltr'><strong>Quam</strong></span> <span class='ocrx_word' id='word_1_310' title='bbox 307 4007 461 4055; x_wconf 76' lang='lat' dir='ltr'><strong>indiligentiam</strong></span> <span class='ocrx_word' id='word_1_311' title='bbox 471 4008 553 4054; x_wconf 85' lang='lat' dir='ltr'><strong>quoties</strong></span> <span class='ocrx_word' id='word_1_312' title='bbox 566 4008 659 4047; x_wconf 86' lang='lat' dir='ltr'><strong>volucris</strong></span> <span class='ocrx_word' id='word_1_313' title='bbox 671 4017 783 4056; x_wconf 78' lang='lat' dir='ltr'><strong>reparare,</strong></span> <span class='ocrx_word' id='word_1_314' title='bbox 794 4007 876 4050; x_wconf 81' lang='lat' dir='ltr'><strong>Lector,</strong></span> <span class='ocrx_word' id='word_1_315' title='bbox 889 4005 1066 4051; x_wconf 69' lang='lat' dir='ltr'><strong>chronologicum</strong></span> <span class='ocrx_word' id='word_1_316' title='bbox 1078 4002 1172 4039; x_wconf 79' lang='lat' dir='ltr'><strong>indicem</strong></span> 
     </span>
     <span class='ocr_line' id='line_1_38' title="bbox 98 4065 586 4112; baseline -0.002 -7"><span class='ocrx_word' id='word_1_317' title='bbox 98 4067 204 4107; x_wconf 70' lang='lat' dir='ltr'><strong>consules.</strong></span> <span class='ocrx_word' id='word_1_318' title='bbox 216 4067 242 4102; x_wconf 73' lang='lat' dir='ltr'><strong>acl</strong></span> <span class='ocrx_word' id='word_1_319' title='bbox 250 4067 328 4104; x_wconf 76' lang='lat' dir='ltr'><strong>calcem</strong></span> <span class='ocrx_word' id='word_1_320' title='bbox 339 4065 404 4112; x_wconf 78' lang='lat' dir='ltr'><strong>liujus</strong></span> <span class='ocrx_word' id='word_1_321' title='bbox 414 4065 463 4103; x_wconf 77' lang='lat' dir='ltr'><strong>citas</strong></span> <span class='ocrx_word' id='word_1_322' title='bbox 474 4065 586 4110; x_wconf 73' lang='lat' dir='ltr'><strong>reiectum.</strong></span> 
     </span>
    </p>
   </div>
   <div class='ocr_carea' id='block_1_12' title="bbox 202 4122 1052 4184">
    <p class='ocr_par' dir='ltr' id='par_1_13' title="bbox 202 4122 1052 4184">
     <span class='ocr_line' id='line_1_39' title="bbox 202 4122 1052 4184; baseline 0 -10"><span class='ocrx_word' id='word_1_323' title='bbox 202 4122 226 4174; x_wconf 85' lang='lat' dir='ltr'><strong>l.</strong></span> <span class='ocrx_word' id='word_1_324' title='bbox 349 4180 353 4184; x_wconf 49' lang='grc'><strong>,</strong></span> <span class='ocrx_word' id='word_1_325' title='bbox 1037 4125 1052 4157; x_wconf 65' lang='lat'><strong>³</strong></span> 
     </span>
    </p>
   </div>
   <div class='ocr_carea' id='block_1_13' title="bbox 0 0 1380 4806">
    <p class='ocr_par' dir='ltr' id='par_1_14' title="bbox 0 0 1380 4806">
     <span class='ocr_line' id='line_1_40' title="bbox 0 0 1380 4806; baseline 0 1"><span class='ocrx_word' id='word_1_326' title='bbox 0 0 1380 4806; x_wconf 95' lang='lat' dir='ltr'><strong> </strong></span> 
     </span>
    </p>
   </div>
  </div>
 </body>
</html>
