2752 4806
340 371 382 413 hh
399 369 567 414 NABUTHE
585 365 801 413 uszuluulrn
817 366 919 410 LIBER
936 363 1034 411 UNUS.
1176 363 1222 410 579

142 451 233 513 cupitis
242 449 311 511 quasi
326 450 387 497 utile
398 449 537 510 possidere3
549 448 592 496 sed
608 447 669 495 alios
694 449 776 495 sumtu
802 448 1001 508 comessationis,
1028 447 1220 509 deliciarumque

143 521 220 568 vultis
231 519 374 567 excludere.
385 519 460 577 lilajor
475 518 545 566 vohis
562 529 621 566 cura
638 516 669 564 de
694 516 829 578 impensis=
841 529 890 564 non
905 517 1030 576 adjudices
1041 516 1139 564 domum
1154 517 1221 565 tuam

143 601 277 648 pauperum
285 588 379 648 spoliis,
387 600 460 646 quam
469 587 499 634 de
507 587 597 635 uestris
605 597 670 633 emo-
695 587 726 633 ad
734 587 818 633 ludum
826 587 940 645 aleae,ne
949 586 991 645 jus
999 586 1159 635 haereditarie
1166 587 1222 648 pis·

143 658 259 706 tumentis
270 659 314 705 est.
325 658 442 716 Iniuriam
450 657 557 704 vestram
568 655 669 716 putatis,
695 654 752 700 tatis
762 654 870 701 amittas.

142 728 163 775 si
179 728 238 788 quid
255 740 348 788 pauper
367 727 470 786 haheat,
486 727 551 786 quod
570 726 670 784 dignum
727 721 764 770 lli.
776 723 819 770 llis
833 723 939 782 auditis,
950 721 1064 771 turbatus
1074 718 1111 770 est
1122 723 1223 784 spiritus

144 795 294 855 possessione
304 795 388 842 divitis
396 794 539 843 aestimetur.
549 793 670 840 Damnum
696 793 764 839 avari
774 792 840 853 reqis
851 806 859 840 r
873 795 896 840 ct
905 793 1012 840 dormivit
1023 794 1048 838 in
1064 793 1120 843 lecto
1135 805 1191 850 suo,
1202 795 1225 841 et

144 866 254 911 vestrum
262 864 370 923 creditis,
380 863 500 924 quidquid
508 863 615 910 alienum
624 862 670 909 est.
695 863 778 910 velavit
795 862 878 922 {ocum
893 875 975 917 mom,
987 863 1009 908 ct
1018 873 1067 906 aon
1077 862 1227 909 manducarit

143 934 208 992 Quid
222 947 264 982 vos
276 934 400 981 delectant
415 935 509 980 naturae
525 929 672 991 dispendia?
695 944 780 990 ponem
795 944 873 979 suam.
892 930 989 989 Lugent
1006 929 1113 988 divites,
1129 931 1149 976 si
1175 942 1225 977 nou

145 1002 268 1050 Universis
288 1002 385 1049 creatus
404 1000 442 1049 est
460 1000 578 1056 mundus,
598 1011 672 1058 quem
696 998 822 1058 potuerint
832 999 914 1046 aliena
928 997 1038 1058 diripere
1050 1010 1057 1043 a
1069 997 1091 1044 si
1101 997 1152 1044 suis
1162 1009 1226 1057 pau-

145 1069 217 1130 pauci
224 1069 313 1116 divites
321 1070 391 1116 vohis
399 1068 533 1115 defendere
540 1067 672 1114 conamini.
697 1081 743 1128 per
753 1081 802 1116 uon
812 1068 914 1118 cesserit
923 1067 1094 1128 facultatibus,
1105 1067 1155 1116 rim
1165 1080 1228 1115 moe-

145 1143 196 1188 lion
204 1140 271 1188 enim
279 1139 377 1185 terrena
384 1138 481 1185 tantum
491 1137 622 1197 possessio,
631 1136 673 1184 sed
698 1138 760 1186 roris
769 1139 852 1199 tegere
860 1150 911 1188 non
921 1136 1031 1199 possunt.
1042 1137 1153 1184 Dormire
1161 1137 1229 1186 desi-

145 1210 235 1256 coelum
243 1209 338 1268 ipsum,
347 1217 493 1264 aer,mare,
502 1205 606 1252 inusum
614 1217 674 1266 pau·
699 1207 800 1268 derant,
810 1209 895 1258 relaut
910 1208 1000 1255 faciem
1011 1218 1096 1266 suam3
1107 1219 1140 1253 ne
1155 1208 1229 1266 quid-

145 1290 231 1326 corum
256 1275 362 1323 divitum
380 1274 530 1321 vindicatur.
549 1274 595 1320 llic
618 1285 673 1333 aer,
699 1275 1228 1337 quaminorheterrarumalienumrideant,

144 1360 220 1408 quern
238 1346 266 1392 tu
280 1344 376 1392 diffusis
393 1343 498 1390 includis
516 1342 675 1403 possessioni·
699 1358 732 1395 ne
749 1347 883 1408 quidquam
899 1347 928 1394 in
940 1347 987 1395 hoc
1005 1345 1096 1393 mundo
1108 1357 1157 1391 non
1174 1353 1228 1392 esse

146 1417 207 1474 hus,
230 1414 333 1473 quantos
355 1411 422 1458 alere
448 1411 551 1470 populos
578 1408 676 1472 potest?
701 1428 772 1463 suum
790 1414 919 1475 noverint,
938 1427 971 1462 ne
991 1415 1095 1462 audiant
1118 1413 1229 1461 vicinum

146 1481 270 1542 Numquid
280 1480 367 1540 Allien
382 1478 462 1526 divisa
472 1479 529 1525 “¹2¹1
544 1478 623 1539 1111ῐί3
633 1479 677 1525 ¹1³·
699 1485 772 1544 iuxta
782 1498 808 1547 se
819 1484 914 1544 aliquid
927 1483 1069 1544 possidere,
1084 1495 1116 1529 ne
1128 1483 1230 1530 audiant

147 1553 220 1610 hent,
237 1551 266 1598 ut
283 1550 312 1596 tu
329 1549 421 1598 terram
437 1547 524 1606 limitis
541 1545 676 1606 ffislmtllas
700 1566 835 1613 pauperem
846 1554 895 1602 sihi
905 1552 1124 1601 contradicentem.
1137 1553 1230 1599 Horum

147 1617 278 1668 terminis?
701 1623 758 1669 sunt
774 1623 877 1681 animae,
895 1622 986 1682 quihus
1003 1621 1065 1672 dicit
1079 1621 1202 1680 Propheta
1220 1630 1230 1670 r

179 1687 218 1735 12.
230 1684 322 1734 clamat
330 1683 452 1744 Propheta
462 1695 471 1730 a
482 1684 562 1734 Veiis
571 1682 677 1743 quisun-
700 1693 809 1742 Murem
819 1694 898 1742 qviq,
912 1693 1039 1752 emmae,

147 1761 205 1821 quat
225 1760 320 1804 domum
337 1756 369 1803 od
383 1757 491 1811 domum,
510 1756 532 1802 ct
548 1754 630 1801 villam
646 1754 677 1800 od
935 1785 992 1798 .-

148 1821 677 1887 villam!Etarguiteosinelficacisavaritiae.
759 1881 760 1884 Ἴ
869 1839 996 1894 CAPUT
1013 1840 1070 1893 lv·

148 1893 255 1953 Fugiunt
264 1892 330 1940 enim
340 1891 481 1938 cohabitare
490 1889 644 1947 hominihus,
653 1889 678 1936 et

149 1964 207 2010 ideo
218 1959 352 2008 excludunt
362 1957 472 2004 vicinos:
482 1957 526 2002 sed
536 1956 620 2015 fugere
629 1967 678 2001 non
726 1990 792 2027 casso?
807 1990 947 2028 minem
964 1992 1057 2029 divitum
1075 2001 1099 2028 ac
1112 2002 1232 2038 pauperum

150 2032 260 2093 possuni3
269 2029 327 2089 quia
335 2040 392 2074 cum
399 2027 443 2074 ¹¹⁰⁸
451 2026 611 2084 excluserint,
619 2025 679 2070 ³¹i⁰⁸
726 2044 809 2090 elegans
818 2045 953 2089 comparatio.
963 2043 1048 2092 Quanta
1054 2045 1079 2082 sil
1088 2046 1177 2082 stultitia
1186 2045 1234 2082 haa-

149 2113 247 2149 rursum
258 2097 405 2145 inveniunt:
415 2096 441 2142 et
451 2108 506 2142 cum
517 2095 572 2141 illos
579 2096 680 2154 propul-
728 2098 815 2135 reclinus
823 2098 964 2144 opessolucue
972 2108 1107 2146 comparare:
1118 2097 1186 2146 deque
1198 2097 1233 2134 ‹u-

151 2169 275 2225 saverint,
294 2167 325 2212 ad
343 2165 446 2211 aliorum
464 2177 564 2211 necesse
583 2166 621 2212 est
639 2177 680 2212 eos
727 2151 1009 2198 V³¹i⁵⁰¹¹1⁸¹¹⁵d³¹¹¹³⁰fffib¹¹⁵·

150 2238 267 2287 viciniam
274 2233 624 2295 perveniresolienimsuper
631 2234 680 2281 ter·
736 2233 775 2280 15.
790 2233 823 2280 Et
836 2245 884 2279 uon
899 2233 1061 2289 manducavit,
1077 2230 1170 2291 inquit,
1190 2245 1235 2292 po-

152 2320 204 2355 nam
218 2305 329 2352 hahitare
340 2315 388 2350 nou
400 2304 508 2362 possunt.
522 2305 585 2350 hves
593 2303 680 2350 avibus
705 2315 833 2350 mmsuum
840 2317 849 2362 ,·
861 2301 974 2361 quoniam
983 2301 1109 2360 quaerebat
1117 2301 1234 2349 alienum.

152 2390 179 2425 se
188 2374 325 2430 adsociant,
337 2372 443 2431 denique
455 2372 561 2431 ingentis
572 2373 681 2433 plerum·
705 2371 802 2418 Etenim
813 2370 904 2418 divites
919 2371 996 2430 magis
1013 2369 1120 2417 alienum
1132 2382 1237 2429 panem,

97 2464 99 2471 ⁸
152 2457 201 2505 que
216 2441 319 2501 agminis
330 2440 415 2487 volatu
431 2441 522 2486 coelum
534 2439 679 2487 obtexitur:
706 2451 780 2502 quam
797 2452 868 2486 suum
886 2439 1046 2499 manducant,
1058 2440 1101 2499 qui
1119 2439 1188 2498 rapto
1198 2439 1237 2487 ri·
1271 2435 1272 2438 ’

703 1937 749 1975 Cur
758 1938 844 1976 dicatur
854 1937 1008 1988 Achahpanem
1016 1949 1082 1978 suurn
1090 1949 1133 1977 non
1139 1939 1232 1976 manda·
1296 1982 1301 1985 ¹

152 2525 228 2573 pecus
246 2510 329 2570 pecori
347 2509 500 2568 adjungitur,
512 2509 682 2575 piscestpisci-
707 2509 910 2568 vunt,etrapinis
917 2508 1024 2556 sumtum
1032 2510 1235 2556 exercentsuum.
1308 2562 1311 2566 Δ

153 2581 200 2628 hus
220 2591 284 2626 :nec
303 2576 419 2623 damnum
438 2577 543 2635 ducunt,
555 2577 598 2622 sed
616 2589 683 2623 com·
709 2580 757 2625 hut
768 2578 1155 2637 certenonmanducavitpancm
1166 2591 1236 2625 suum

97 2656 101 2685 l
153 2649 274 2698 mercium
282 2645 391 2703 vivendi,
401 2657 455 2690 cum
464 2644 599 2703 plurimum
608 2645 683 2690 comi·
709 2649 794 2695 volens
806 2659 832 2693 se
844 2649 922 2695 morte
938 2647 1059 2708 multare,
1075 2647 1140 2709 quod
1151 2647 1175 2695 ei
1190 2647 1237 2709 ali·

97 2722 102 2756 ¹
154 2721 234 2766 fatum
256 2715 401 2773 capessunt,
420 2715 446 2760 et
463 2713 584 2772 quoddam
602 2715 683 2759 muni·
709 2715 916 2776 quidnegaretur.

97 2788 112 2837 l·
154 2786 267 2832 meritum
278 2782 363 2827 solatio
375 2780 549 2841 frequentioris
560 2781 685 2829 societatis
741 2785 779 2830 l6.
788 2786 905 2843 Compara
915 2784 1102 2834 nuncattectum
1114 2784 1236 2845 pauperis.

110 2850 113 2855 ’
155 2853 279 2901 affectant.
297 2850 366 2896 Solus
381 2850 423 2907 tu,
439 2849 526 2907 homo,
549 2852 684 2897 consortem
710 2854 775 2900 Nihil
784 2854 869 2912 hahet,
878 2853 1024 2912 etjejunare
1033 2855 1239 2904 voluntariusnisi
1318 2907 1320 2910 ,

97 2917 110 2972 i
156 2921 286 2970 excludis:
300 2919 405 2965 includis
416 2918 494 2977 feras,
506 2919 580 2965 struis
591 2919 691 2967 hahita·
711 2924 762 2971 Deo
771 2924 862 2983 nescit,
870 2923 983 2982 jejunare
994 2924 1041 2972 nisi
1050 2938 1082 2972 ex
1091 2926 1239 2973 necessitate

102 2998 113 3039 t
156 2986 686 3046 culabestiarum‚dcstruishominum.ln·
712 3005 761 3038 non
786 2993 863 3040 norit.
883 2992 995 3052 Diuites,
1019 2992 1115 3054 eripitis
1138 2992 1240 3052 quidem

97 3069 114 3111 ru
157 3059 226 3106 ducis
236 3069 303 3102 mare
314 3056 379 3102 intra
394 3055 551 3114 praediatus,
563 3056 686 3105 nedesint
711 3053 861 3120 paup'erihus
874 3061 1004 3121 universa,
1020 3061 1121 3109 aufertis
1143 3062 1240 3122 omnia,

97 3132 117 3180 κ
156 3126 262 3174 hellue:
271 3124 386 3182 producis
399 3123 460 3171 fines
470 3121 556 3184 terrae,
566 3135 598 3172 uo
609 3126 687 3186 possis
711 3130 775 3177 nihil
784 3129 940 3190 relinquitis:
951 3143 1049 3195 poenam
1057 3130 1139 3178 tamen
1147 3143 1241 3192 paupe·

97 3197 119 3250 d
157 3198 250 3245 habere
261 3195 401 3242 finitimum.
712 3212 767 3246 rum
777 3211 821 3246 ros
831 3199 926 3260 potius,
937 3198 1041 3259 divites,
1051 3201 1189 3248 sustinetis.
1200 3201 1240 3248 Illi

119 3282 122 3287 ·
190 3267 228 3313 15.
239 3263 386 3311 Audivimus
401 3276 488 3312 vocem
504 3264 592 3314 divitis
606 3265 686 3314 aliena
710 3268 836 3328 ieiunant,
847 3269 868 3314 si
879 3281 928 3314 non
939 3269 1059 3327 habeant,
1074 3282 1185 3328 roccum
1195 3269 1241 3316 ha-

156 3334 291 3397 quaerentis
306 3331 454 3378 :audiamus
471 3344 559 3379 rocem
573 3335 688 3393 pauperis
714 3336 787 3397 betis.
798 3336 899 3384 Avohis
910 3335 985 3394 iqitur
994 3337 1064 3394 prius
1074 3349 1172 3396 poenam
1185 3337 1242 3383 exi-

157 3404 258 3467 propria
273 3401 431 3450 vindicantis.
447 3403 501 3449 Nou
517 3403 575 3460 sict,
593 3402 687 3462 inquit,
714 3403 785 3462 gitis,
802 3416 875 3463 quam
891 3404 1041 3464 pauperihus
1060 3404 1181 3463 irrogatis.
1192 3405 1242 3454 Vos

97 3475 121 3521 nl
156 3474 286 3529 frocoDco,
291 3474 318 3519 at
326 3473 377 3518 dem
383 3470 425 3517 tihi
431 3471 588 3519 hereditatem
594 3474 690 3531 potrum
715 3472 790 3530 igitur
800 3472 881 3519 restro
892 3471 981 3519 aflectu
995 3472 1064 3520 luitis
1074 3473 1169 3520 miseras
1180 3487 1242 3532 pau-

97 3527 119 3574 ⁵⁴
157 3555 274 3591 meorum.
285 3539 360 3597 Quasi
376 3539 506 3598 quamdam
521 3540 689 3599 contagionem
715 3540 817 3600 perlatis
828 3540 964 3588 aerumnas:
975 3540 1000 3587 et
1009 3552 1131 3600 pauperes
1142 3542 1242 3600 quidem

97 3588 119 3678 ff
157 3611 199 3674 sui
217 3609 348 3669 pecuniam
367 3620 420 3655 esse
440 3607 524 3656 divitis
542 3609 689 3670 arbitratur,
716 3622 764 3656 non
774 3608 921 3668 habentque
930 3609 1043 3668 utantur3
1053 3612 1186 3657 vosautem
1195 3624 1242 3659 neo

97 3693 117 3732 a
157 3677 232 3740 quasi
249 3677 315 3724 dieat
332 3689 340 3723 a
356 3678 460 3724 Pecunia
474 3679 516 3724 iao
534 3679 608 3724 tecam
619 3680 648 3726 sit
665 3680 689 3726 in
716 3677 933 3738 ipsiutimini,ncc
941 3676 1002 3724 alios
1010 3678 1048 3727 uti
1056 3679 1244 3728 siniliauruitis

97 3748 120 3784 ί
156 3738 691 3810 perditioncm3egoauiemhaereditatem'pa-
716 3759 804 3794 aurum
822 3747 853 3793 de
864 3745 959 3793 metalli
978 3748 1061 3807 venis,
1077 3749 1124 3797 'sed
1143 3763 1242 3798 rursum

139 3819 228 3865 ·trom
237 3827 349 3862 meomm
356 3827 404 3862 non
411 3828 509 3875 possum
516 3816 634 3864 vendere.
645 3818 692 3864 lla·
717 3815 863 3863 absconditis
879 3815 950 3863 illud.
967 3816 1117 3876 Quantorum
1134 3819 1197 3867 vitus
1215 3819 1243 3864 iu

103 3877 114 3924 Ι
158 3886 207 3934 hes
224 3883 289 3944 quod
300 3883 408 3943 sequaris
420 3884 504 3944 dives,
516 3885 537 3931 si
554 3885 647 3944 sapias3
665 3887 692 3934 ut
717 3886 759 3933 illo
769 3884 878 3934 infoditis
891 3883 969 3934 auro?

97 3950 114 3997 ’1
159 3965 213 4001 uon
222 3952 315 3999 vendas
325 3965 409 4011 agrum
423 3955 492 4000 tuum
503 3966 547 4014 pro
558 3954 629 4003 nocte
640 3967 692 4002 me·
748 3956 786 4002 17.
796 3954 841 4015 dui
853 3955 897 4002 illa
907 3957 1050 4016 servantur,
1061 3968 1117 4002 eum
1132 3951 1244 4011 legeritis

97 4020 115 4065 tr
159 4020 278 4074 tetricis:
290 4034 337 4070 narr
350 4021 503 4070 transfundas
515 4022 556 4083 jus
567 4024 637 4072 tuum
647 4035 692 4087 pro
717 4023 748 4074 de
767 4025 846 4074 altero
854 4023 932 4077 diuite
950 4037 958 4071 a
977 4025 1107 4078 Thesauros
1116 4021 1195 4070 condit
1201 4057 1209 4084 ‚
1222 4023 1244 4069 ct
