2752 4806
486 406 588 459 nnis
597 408 721 463 RAHAM
737 408 840 455 urana
858 408 876 454 Ι.
1182 411 1228 460 all

143 493 348 558 suevienses
356 497 599 558 somnumqursrsr
608 497 673 547 rosa
698 487 1234 557 vobirsurenuumestsrtwuiuncfieen·

141 565 675 627 etmprentssridentur,ipssnocrspenti
699 556 770 605 cibus
781 556 947 631 oblectandus
961 557 1037 634 Dent·
1053 557 1231 611 Assoedittliud

142 633 196 682 sive
217 633 248 682 de
266 633 357 683 nostris
376 633 431 693 ipse
450 633 579 684 tmnsmlt
595 647 603 682 ι
621 635 674 684 sire
700 623 1232 685 insltntfflflmtlssiaesfflfflssdlssflwwll

144 702 289 751 mptum
298 702 414 751 inventu
700 692 1234 754 tibiquodsortitusemeniugiumdatnm,

167 779 260 830 nnete,
275 781 302 822 ul
313 783 365 823 nuto
376 781 455 830 boves.
468 783 532 834 pueri
540 794 546 824 r
555 783 675 825 submittite
700 762 772 813 Unde
788 761 814 810 et
829 762 945 810 s³l⁰m⁰¹¹
960 761 995 811 ²st
1006 775 1013 807 ²
1024 761 1048 810 Α
1056 763 1121 820 ”⁶⁰0
1137 762 1231 823 imus

388 839 468 877 tauros.
514 839 636 887 repens.
645 839 663 877 1.
697 830 1069 893 proepmobitnrvironnor.lton
1077 830 1233 889 possunthoc

145 893 205 944 lnde
214 895 557 960 etpueroedieimns,qunnto
564 902 676 949 servulos
701 899 811 960 dispares
827 898 875 947 lide
891 898 1007 957 eredere,
1022 897 1051 945 ut
1064 897 1097 945 ab
1112 909 1142 945 eo
1157 910 1234 959 quem

144 964 317 1026 significemus,
326 978 377 1015 non
386 967 485 1017 antem
495 969 674 1030 exprimentes,
700 979 750 1015 uon
759 966 833 1025 colit,
844 965 916 1027 putet
926 965 974 1013 sibi
987 965 1104 1013 eonnuhii
1119 963 1233 1026 imparti-

114 1065 119 1071 -
145 1033 189 1082 sod
198 1034 374 1085 eonditlouem.
701 1034 752 1083 tarn
767 1035 878 1094 gratiam.
895 1035 968 1083 ilatio
979 1032 1063 1095 docet,
1075 1035 1118 1082 sed
1127 1035 1233 1095 amplius

169 1098 677 1167 83.Advertenunerirtuteslronipatris-
702 1105 818 1164 exempla
839 1104 1005 1154 commonent.
1025 1104 1097 1164 Saepe
1115 1104 1234 1153 illecebra

145 1167 265 1232 familias,
282 1171 309 1220 et
324 1171 456 1219 considera
472 1173 595 1232 primum,
612 1174 678 1234 quod
702 1173 832 1221 muliebris
847 1173 947 1234 decepit
962 1172 1038 1220 etiam
1054 1171 1168 1221 tortioms
1181 1185 1233 1223 ma·

144 1249 247 1297 munus,
257 1238 285 1287 et
296 1239 337 1287 oui
349 1238 468 1298 mandata
478 1239 507 1288 ut
517 1241 543 1288 et
553 1242 581 1288 tn
591 1241 627 1289 ita
638 1241 678 1288 in·
701 1239 776 1298 sitos,
787 1241 813 1287 et
824 1252 839 1286 a
854 1240 975 1300 religione
986 1239 1047 1288 lecit
1056 1239 1192 1289 discedere.
1202 1241 1234 1290 st

145 1307 234 1357 stitnas
248 1308 375 1366 servulos,
389 1307 420 1354 ut
434 1307 522 1355 liberis
536 1309 585 1357 inis
595 1309 678 1370 pater-
702 1307 760 1356 ideo
769 1307 797 1356 tu
808 1309 850 1357 vel
859 1309 937 1357 amori
948 1308 1064 1368 consule,
1074 1309 1115 1356 vel
1123 1321 1233 1358 errorem

144 1387 208 1423 num
217 1374 332 1423 allectum
340 1372 470 1434 delerant,
481 1374 507 1423 et
517 1376 596 1424 oldaia
607 1389 677 1426 exse·
701 1389 769 1425 eave.
782 1376 898 1424 Primum
907 1389 964 1436 erpo
976 1376 1004 1423 in
1018 1376 1131 1437 coniugio
1144 1377 1232 1438 relipio

143 1442 676 1505 quantunlnventueestdeservuliseeuior,
700 1445 1233 1508 quaeritanldeorllrralramproximamquar·
1308 1472 1312 1479 τ

144 1511 230 1560 minen
239 1511 283 1570 qui
292 1510 324 1561 ad
332 1523 436 1558 uxorem
450 1512 626 1572 providendam
634 1515 677 1563 de·
700 1513 759 1561 sivit
769 1513 829 1561 dare
839 1512 891 1561 lilio
902 1526 957 1562 suo.

144 1579 214 1627 mino
224 1578 318 1637 juniori
329 1578 478 1640 eligeretur,
494 1581 520 1630 et
534 1582 677 1641 constrictus
730 1581 770 1629 85.
781 1582 812 1634 nt
821 1580 852 1629 tu'
863 1583 1003 1642 proximam
1015 1594 1109 1644 quere.
1123 1581 1185 1641 Quis
1193 1583 1233 1633 est

143 1645 292 1708 utjuraret,
305 1647 416 1697 mitteret
426 1660 526 1697 manum
538 1650 583 1698 sub
594 1651 676 1699 lemur
700 1648 842 1709 proximus?
853 1652 901 1711 Qui
914 1651 982 1709 feeit,
993 1648 1091 1710 inquit,
1101 1651 1233 1698 msericor-

144 1714 239 1764 domini
261 1715 309 1764 sui.
328 1717 375 1765 Per
394 1717 476 1765 semim
490 1719 676 1778 generationem
700 1720 773 1766 diam.
784 1719 814 1765 ln
824 1718 959 1777 Evangelio
971 1719 1018 1767 lroe
1033 1717 1100 1766 dixit
1114 1717 1233 1765 Dominus

144 1785 324 1846 intelligimine
336 1786 466 1845 generatio
476 1787 560 1834 autem
573 1787 676 1836 Abrahae
700 1787 780 1835 lesus.
791 1787 822 1835 Et
831 1787 861 1835 tu
870 1787 1009 1847 proximam
1018 1785 1120 1835 seminis
1129 1785 1233 1834 aursus

97 1876 101 1880 >
144 1852 255 1905 cnrntus
269 1852 318 1902 est.
333 1853 405 1902 Unde
419 1854 549 1913 apostolus
563 1855 599 1902 ait
608 1868 615 1900 ι
624 1857 675 1904 Ab·
700 1855 815 1917 require,
832 1855 861 1904 et
876 1856 1040 1917 propinquam
1057 1854 1166 1917 proximi
1183 1853 1231 1903 tui.

144 1921 211 1970 sale
228 1923 293 1971 disto
303 1923 545 1982 enntpromisstones,
559 1925 583 1971 et
593 1927 677 1972 semna·
702 1923 793 1970 Samen
808 1922 912 1970 Abrahae
929 1923 1039 1972 Christus
1057 1923 1109 1983 est,
1127 1923 1179 1982 ipse
1195 1925 1233 1970 est

144 1989 203 2048 eiua
218 1991 273 2042 dhre
288 1992 356 2048 dent,
373 1992 397 2038 et
412 1991 551 2049 seminibus,
568 1992 637 2051 qnasi
652 1994 678 2040 ie
702 1990 832 2050 proximus
849 1990 977 2047 omnium,
993 1989 1038 2049 qni
1056 2003 1131 2050 super
1147 2002 1233 2038 omnes

145 2057 287 2106 amtorem
301 2060 362 2106 sicet
377 2060 511 2116 inneo,et
525 2060 677 2116 nominituo,
704 2059 763 2109 lecit
777 2058 987 2116 misericordiam,
1001 2057 1090 2104 tollens
1104 2057 1233 2117 peceatum

145 2127 208 2187 prod
218 2128 251 2176 set
263 2127 382 2189 Christum
394 2126 582 2187 ostendensper
596 2126 678 2187 ipsum
701 2130 797 2179 mundi.
818 2128 892 2178 Disce
918 2128 1007 2177 deinde
1028 2127 1089 2188 quid
1107 2127 1135 2174 in
1154 2138 1234 2177 uxore

145 2192 218 2244 nobie
226 2195 339 2251 sanetum
346 2195 536 2256 sacramentum,
544 2207 590 2257 per
596 2196 678 2256 ipsum
701 2199 826 2260 queratur
838 2211 847 2246 a
857 2212 910 2251 non
926 2208 1025 2256 aurium,
1039 2207 1089 2244 non
1105 2194 1234 2255 amentum

146 2261 229 2311 tutum
239 2264 362 2312 auxilium
373 2263 436 2312 lore.
700 2266 817 2326 quesivit
835 2265 974 2324 Abraham,
988 2276 1039 2312 non
1053 2263 1233 2325 possessiones,

175 2329 215 2382 st.
227 2333 377 2381 corsninxit
390 2333 474 2382 autem
485 2345 544 2382 eum
552 2346 586 2382 ne
595 2332 627 2384 de
637 2347 678 2383 se-
701 2335 746 2384 sed
753 2334 860 2393 patiam
871 2335 941 2381 bona
950 2331 1049 2381 indolis.

146 2398 216 2449 mine
226 2398 418 2452 chananaeorum
432 2413 536 2450 uxorem
550 2400 679 2450 arcessiret
732 2402 772 2450 86.
783 2400 879 2449 Deinde
890 2401 1056 2462 interrogatus
1064 2400 1088 2450 si
1101 2400 1180 2451 nollet
1189 2414 1234 2458 se·

145 2467 248 2517 domino
268 2482 328 2529 suo,
348 2480 455 2529 qnorum
475 2469 573 2528 generis
592 2471 679 2517 auctor
702 2470 758 2519 nire
771 2472 877 2531 mulier,
894 2471 1038 2519 utrumnam
1054 2484 1084 2523 eo
1099 2471 1233 2527 filiumde-

146 2536 245 2598 patrem
254 2548 304 2584 non
313 2535 490 2595 honoraverat,
502 2536 528 2583 et
538 2536 594 2584 ideo
603 2538 679 2584 male·
702 2539 766 2586 mini
776 2539 815 2588 sui
825 2539 929 2587 duceret
943 2551 951 2588 ι
965 2540 1062 2590 Atteede
1073 2539 1128 2600 rar,
1136 2539 1232 2601 inquit,

145 2604 678 2666 dictionishaereditatemtransmisitinsuos;
703 2620 732 2654 ee
751 2621 841 2657 revoces
858 2609 934 2668 filiam
954 2622 1032 2659 menos
1048 2610 1099 2658 rito.
1117 2604 1250 2658 Dominus

148 2675 358 2731 uteognoseamns
366 2671 680 2732 iidem,etquamdamlrae-
702 2677 766 2724 liene
779 2677 845 2732 eceli,
858 2679 955 2726 etDens
968 2680 1036 2726 nne
1052 2679 1139 2738 empti
1153 2691 1193 2725 rae,
1205 2678 1234 2724 de

143 2739 283 2790 reditatem
300 2739 332 2788 de
349 2740 456 2788 auctoris
473 2741 586 2800 prosapia
603 2742 630 2789 in
648 2743 680 2789 iis
703 2744 853 2803 domopotris
860 2746 922 2802 me,
932 2745 989 2792 etde
999 2748 1064 2793 terro
1073 2747 1099 2793 is
1106 2746 1234 2804 penemeos

147 2807 337 2869 requirendam,
350 2821 413 2869 quos
426 2810 496 2857 nohis
507 2810 622 2858 volumus
636 2809 680 2857 ad·
702 2825 769 2869 som,
781 2813 923 2872 potionatus
934 2816 968 2861 est
979 2813 1050 2871 miti,
1063 2816 1086 2862 et
1095 2814 1188 2873 jeron
1196 2815 1234 2864 di-

145 2877 330 2939 iuupereflnm
341 2879 424 2926 saneto
432 2878 501 2925 enim
510 2879 609 2927 sanetus
617 2878 689 2938 eris,
703 2892 757 2928 ceres
767 2893 776 2927 .·
788 2880 841 2928 Titi
851 2879 912 2928 doto
925 2883 1015 2929 neom
1024 2881 1100 2938 done,
1113 2884 1137 2930 et
1151 2883 1236 2932 metiari

147 2945 177 2994 et
185 2956 244 2993 eum
257 2957 374 3005 perverso
384 2946 544 3004 perverteris.
558 2945 583 2992 Si
596 2946 643 2994 lroe
654 2946 680 2995 in
704 2950 759 3007 too‚·
770 2949 817 3007 ipae
824 2949 899 2996 mittet
906 2947 1095 3008 Aaoelemsnrnn
1102 2952 1157 2999 onte
1166 2954 1235 3009 te,·el

147 3012 219 3073 aliis,
227 3013 318 3074 quanto
327 3014 404 3072 magis
410 3013 436 3060 in
445 3013 573 3074 eonjugio,
581 3013 624 3061 ubi
630 3027 680 3064 una
704 3017 801 3076 accipter
813 3016 862 3073 tilio
877 3029 928 3064 oreo
942 3029 1043 3065 exorem
1055 3019 1117 3067 tede.
1134 3021 1201 3082 Quod
1212 3022 1236 3069 si

148 3095 221 3144 earo,
229 3084 257 3133 et
265 3096 328 3132 unns
338 3083 440 3145 spiritus
446 3084 494 3131 est.
500 3084 625 3141 Quomodo
635 3096 680 3132 au·
703 3083 803 3130 noluerit
816 3085 893 3141 iream
910 3085 988 3132 vende
1004 3085 1088 3134 moto
1104 3087 1132 3134 in
1145 3089 1235 3136 unam

147 3152 202 3200 tem
211 3151 293 3212 potest
300 3163 434 3212 congruere
444 3151 577 3210 caritas,si
588 3151 680 3199 disere·
703 3149 778 3208 tono,
788 3164 864 3211 perus
880 3152 926 3199 eris
939 3165 957 3200 o
966 3151 1104 3213 juramento
1114 3154 1167 3203 loc.
1181 3155 1235 3213 Quo

147 3220 197 3280 pet
212 3219 289 3275 fideii
308 3219 338 3268 st
355 3220 412 3267 ideo
433 3232 508 3280 eave,
529 3220 679 3280 Christiane,
703 3219 814 3281 proficiat
824 3219 872 3268 hoe
878 3217 1006 3270 considera
1016 3220 1170 3282 diligentius.
1180 3223 1234 3270 lton

148 3287 239 3348 gentili
252 3288 393 3341 autiudaeo
402 3288 479 3336 liliam
493 3289 562 3336 tuam
572 3287 678 3336 madere.
704 3286 764 3335 lieet
773 3287 820 3334 tibi
831 3287 945 3348 aeoipere
955 3287 1202 3348 alienigenam.Sane
1211 3290 1234 3338 si

148 3357 227 3416 care,
246 3355 360 3417 inquam,
376 3355 496 3415 gentilem
513 3356 557 3403 aut
570 3355 680 3404 iudaeam
704 3355 866 3404 Christianam
880 3369 907 3405 se
920 3355 1008 3416 faeiat,
1018 3357 1117 3405 leudem
1131 3358 1236 3406 habebis

146 3418 680 3486 atquealieuipenam‚hoeest,lrasretieam‚
705 3423 1235 3486 exeaNetequoquesireeusaveritclrris·

145 3492 286 3544 etennem
302 3493 411 3542 adanam
427 3505 443 3538 a
456 3492 505 3540 lide
519 3492 562 3539 tua
576 3504 681 3539 uxorem
705 3489 772 3536 dana
786 3490 856 3549 lieri,
872 3491 984 3538 studium
997 3491 1141 3551 nuptiarum
1157 3505 1171 3542 a
1185 3493 1234 3543 lide
1295 3544 1299 3554 Ι

149 3561 268 3610 sreessias
278 3561 336 3609 tibi.
347 3561 429 3612 Prima
440 3559 548 3621 conjugii
558 3558 618 3606 fides
627 3572 681 3608 eas-
705 3557 832 3618 deflectat,
848 3557 949 3606 instruit
963 3558 1047 3607 lectio.
1063 3560 1185 3608 Amabam
1194 3575 1235 3611 se-

150 3629 230 3679 titatr‘e
238 3631 318 3691 pratia
329 3631 376 3679 est.
388 3630 415 3677 Si
425 3629 492 3676 idola
503 3629 567 3677 colat
577 3641 681 3688 quorum
703 3626 822 3686 quentem
832 3625 922 3674 deduci
933 3625 1075 3688 admonuit,
1083 3628 1234 3679 residentem

149 3696 314 3758 prensantur
324 3694 624 3756 adulterin'‚siClrristum
637 3709 681 3747 ne-
704 3693 1232 3762 nonexpetimeceoliliumsuumperpere.

148 3764 193 3825 pet
206 3766 251 3826 qui
266 3767 402 3827 praeceptor
419 3765 445 3814 et
459 3766 629 3817 remunerator
644 3765 681 3814 eet
704 3764 768 3813 Sane
778 3764 1040 3826 Dominisuiquiseab
1046 3766 1154 3817 incolatu
1161 3770 1234 3818 terrae

146 3833 421 3896 -pudieitire‚quomodo
431 3834 512 3894 potest
522 3834 625 3895 diligere
636 3848 682 3896 pu·
704 3833 936 3894 inqualralritabat,
946 3833 1235 3897 mammaemamm-

151 3901 522 3970 dieitiamlsiclrristianasit,
536 3904 633 3953 nonest
643 3917 681 3952 sa-
704 3903 1141 3966 turammiserieordiam,ntprreiret
1151 3904 1233 3953 studio

148 3969 198 4029 tis,
214 3971 262 4018 nisi
276 3972 348 4020 ambo
362 3972 454 4021 initiati
463 3973 518 4022 sitis
527 3974 681 4022 sacramento
704 3971 831 4033 petitoris,
840 3972 865 4020 et
872 3971 963 4032 puellae
971 3972 1103 4021 inclinaret
1111 3971 1230 4021 animum.

150 4037 313 4099 baptismatis.
326 4040 404 4090 Simul
415 4039 446 4089 ad
459 4039 596 4089 oratIonem
607 4041 679 4090 noete
705 4040 778 4098 Quasi
788 4039 909 4101 propheta
919 4038 965 4088 hoe
976 4038 1041 4088 dixit
1051 4039 1078 4086 in
1088 4048 1160 4084 causa
1169 4036 1215 4095 tilii
1220 4072 1231 4101 ‚
