<?xml version="1.0" encoding="UTF-8"?>
<!DOCTYPE html PUBLIC "-//W3C//DTD XHTML 1.0 Transitional//EN"
    "http://www.w3.org/TR/xhtml1/DTD/xhtml1-transitional.dtd">
<html xmlns="http://www.w3.org/1999/xhtml" xml:lang="en" lang="en">
 <head>
  <title>
</title>
<meta http-equiv="Content-Type" content="text/html;charset=utf-8" />
  <meta name='ocr-system' content='tesseract 3.04.00' />
  <meta name='ocr-capabilities' content='ocr_page ocr_carea ocr_par ocr_line ocrx_word'/>
</head>
<body>
  <div class='ocr_page' id='page_1' title='image "./operaomnia02ambrgoog_0428.png"; bbox 0 0 2752 4806; ppageno 0'>
   <div class='ocr_carea' id='block_1_1' title="bbox 349 346 1229 422">
    <p class='ocr_par' dir='ltr' id='par_1_1' title="bbox 349 346 1229 422">
     <span class='ocr_line' id='line_1_1' title="bbox 349 346 1229 422; baseline -0.009 -1"><span class='ocrx_word' id='word_1_1' title='bbox 349 346 351 350; x_wconf 11' lang='grc' dir='ltr'><em>Α</em></span> <span class='ocrx_word' id='word_1_2' title='bbox 373 375 416 421; x_wconf 85' lang='lat' dir='ltr'><strong><em>nn</em></strong></span> <span class='ocrx_word' id='word_1_3' title='bbox 431 359 767 422; x_wconf 79' lang='lat' dir='ltr'><strong><em>iurn&#39;aruauirmuu</em></strong></span> <span class='ocrx_word' id='word_1_4' title='bbox 786 373 848 418; x_wconf 82' lang='lat' dir='ltr'><strong><em>son</em></strong></span> <span class='ocrx_word' id='word_1_5' title='bbox 864 371 964 416; x_wconf 79' lang='lat' dir='ltr'><strong><em>arsen</em></strong></span> <span class='ocrx_word' id='word_1_6' title='bbox 982 373 999 418; x_wconf 88' lang='lat' dir='ltr'><strong><em>r.</em></strong></span> <span class='ocrx_word' id='word_1_7' title='bbox 1187 364 1229 414; x_wconf 81' lang='lat' dir='ltr'><strong><em>tal</em></strong></span> 
     </span>
    </p>
   </div>
   <div class='ocr_carea' id='block_1_2' title="bbox 150 441 1233 654">
    <p class='ocr_par' dir='ltr' id='par_1_2' title="bbox 150 441 1233 654">
     <span class='ocr_line' id='line_1_2' title="bbox 151 441 1231 515; baseline -0.004 -16"><span class='ocrx_word' id='word_1_8' title='bbox 151 441 290 513; x_wconf 79' lang='lat' dir='ltr'><strong><em>tqaarautioe</em></strong></span> <span class='ocrx_word' id='word_1_9' title='bbox 300 467 329 502; x_wconf 87' lang='lat' dir='ltr'><strong><em>ue</em></strong></span> <span class='ocrx_word' id='word_1_10' title='bbox 338 448 482 514; x_wconf 82' lang='lat' dir='ltr'><strong><em>memineris,</em></strong></span> <span class='ocrx_word' id='word_1_11' title='bbox 492 458 591 504; x_wconf 77' lang='lat' dir='ltr'><strong><em>nomme</em></strong></span> <span class='ocrx_word' id='word_1_12' title='bbox 597 488 605 513; x_wconf 93' lang='lat'><strong><em>,</em></strong></span> <span class='ocrx_word' id='word_1_13' title='bbox 622 454 679 515; x_wconf 90' lang='lat' dir='ltr'><strong><em>quia</em></strong></span> <span class='ocrx_word' id='word_1_14' title='bbox 705 454 756 502; x_wconf 88' lang='lat' dir='ltr'><strong><em>tem</em></strong></span> <span class='ocrx_word' id='word_1_15' title='bbox 765 466 772 500; x_wconf 79' lang='lat' dir='ltr'>z</span> <span class='ocrx_word' id='word_1_16' title='bbox 781 455 851 502; x_wconf 83' lang='lat' dir='ltr'><strong><em>tuitio</em></strong></span> <span class='ocrx_word' id='word_1_17' title='bbox 860 454 949 501; x_wconf 81' lang='lat' dir='ltr'><strong><em>terram</em></strong></span> <span class='ocrx_word' id='word_1_18' title='bbox 959 455 984 500; x_wconf 93' lang='lat' dir='ltr'><strong><em>tu</em></strong></span> <span class='ocrx_word' id='word_1_19' title='bbox 994 452 1108 512; x_wconf 70' lang='lat' dir='ltr'><strong><em>fundasti,</em></strong></span> <span class='ocrx_word' id='word_1_20' title='bbox 1118 451 1231 498; x_wconf 79' lang='lat' dir='ltr'><strong><em>Donatus·</em></strong></span> 
     </span>
     <span class='ocr_line' id='line_1_3' title="bbox 152 520 1233 588; baseline -0.002 -21"><span class='ocrx_word' id='word_1_21' title='bbox 152 522 212 569; x_wconf 89' lang='lat' dir='ltr'><strong><em>tunc</em></strong></span> <span class='ocrx_word' id='word_1_22' title='bbox 227 523 335 572; x_wconf 82' lang='lat' dir='ltr'><strong>maxime</strong></span> <span class='ocrx_word' id='word_1_23' title='bbox 353 524 419 572; x_wconf 89' lang='lat' dir='ltr'><strong><em>calor</em></strong></span> <span class='ocrx_word' id='word_1_24' title='bbox 429 524 537 585; x_wconf 88' lang='lat' dir='ltr'><strong><em>corporis</em></strong></span> <span class='ocrx_word' id='word_1_25' title='bbox 547 523 643 582; x_wconf 79' lang='lat' dir='ltr'><strong><em>terret,</em></strong></span> <span class='ocrx_word' id='word_1_26' title='bbox 655 523 680 571; x_wconf 90' lang='lat' dir='ltr'><strong><em>et</em></strong></span> <span class='ocrx_word' id='word_1_27' title='bbox 704 525 727 570; x_wconf 87' lang='lat' dir='ltr'><strong><em>et</em></strong></span> <span class='ocrx_word' id='word_1_28' title='bbox 740 536 810 583; x_wconf 89' lang='lat' dir='ltr'><strong><em>opera</em></strong></span> <span class='ocrx_word' id='word_1_29' title='bbox 820 534 936 569; x_wconf 85' lang='lat' dir='ltr'><strong><em>rnanuum</em></strong></span> <span class='ocrx_word' id='word_1_30' title='bbox 947 523 1042 568; x_wconf 74' lang='lat' dir='ltr'><strong><em>marum</em></strong></span> <span class='ocrx_word' id='word_1_31' title='bbox 1051 522 1105 568; x_wconf 87' lang='lat' dir='ltr'><strong><em>suat</em></strong></span> <span class='ocrx_word' id='word_1_32' title='bbox 1111 521 1178 588; x_wconf 30' lang='lat' dir='ltr'><strong><em>&#39;caeliv</em></strong></span> <span class='ocrx_word' id='word_1_33' title='bbox 1185 520 1233 578; x_wconf 84' lang='lat' dir='ltr'><strong><em>ipsi</em></strong></span> 
     </span>
     <span class='ocr_line' id='line_1_4' title="bbox 150 591 1231 654; baseline -0.005 -16"><span class='ocrx_word' id='word_1_34' title='bbox 150 592 213 639; x_wconf 71' lang='lat' dir='ltr'><strong><em>astu</em></strong></span> <span class='ocrx_word' id='word_1_35' title='bbox 223 592 350 652; x_wconf 72' lang='lat' dir='ltr'><strong><em>sanguinis</em></strong></span> <span class='ocrx_word' id='word_1_36' title='bbox 360 592 499 654; x_wconf 77' lang='lat' dir='ltr'><strong><em>vaporantis</em></strong></span> <span class='ocrx_word' id='word_1_37' title='bbox 509 592 622 653; x_wconf 76' lang='lat' dir='ltr'><strong>ignescit.</strong></span> <span class='ocrx_word' id='word_1_38' title='bbox 702 591 811 650; x_wconf 83' lang='lat' dir='ltr'><strong><em>peribunt</em></strong></span> <span class='ocrx_word' id='word_1_39' title='bbox 821 604 829 636; x_wconf 92' lang='lat'><strong><em>.·</em></strong></span> <span class='ocrx_word' id='word_1_40' title='bbox 843 592 868 637; x_wconf 93' lang='lat' dir='ltr'><strong><em>tu</em></strong></span> <span class='ocrx_word' id='word_1_41' title='bbox 880 591 958 636; x_wconf 88' lang='lat' dir='ltr'><strong><em>autem</em></strong></span> <span class='ocrx_word' id='word_1_42' title='bbox 967 601 1101 648; x_wconf 83' lang='lat' dir='ltr'><strong><em>permanes,</em></strong></span> <span class='ocrx_word' id='word_1_43' title='bbox 1111 591 1133 635; x_wconf 87' lang='lat' dir='ltr'><strong><em>ct</em></strong></span> <span class='ocrx_word' id='word_1_44' title='bbox 1143 600 1231 643; x_wconf 88' lang='lat' dir='ltr'><strong><em>omues,</em></strong></span> 
     </span>
    </p>
   </div>
   <div class='ocr_carea' id='block_1_3' title="bbox 125 652 1233 2153">
    <p class='ocr_par' dir='ltr' id='par_1_3' title="bbox 148 652 1233 995">
     <span class='ocr_line' id='line_1_5' title="bbox 181 652 1233 722; baseline -0.005 -15"><span class='ocrx_word' id='word_1_45' title='bbox 181 659 221 708; x_wconf 74' lang='lat'><strong><em>22.</em></strong></span> <span class='ocrx_word' id='word_1_46' title='bbox 245 662 293 710; x_wconf 86' lang='lat' dir='ltr'><strong><em>Sed</em></strong></span> <span class='ocrx_word' id='word_1_47' title='bbox 314 662 405 710; x_wconf 87' lang='lat' dir='ltr'><strong><em>iterum</em></strong></span> <span class='ocrx_word' id='word_1_48' title='bbox 424 663 505 722; x_wconf 88' lang='lat' dir='ltr'><strong><em>ipsum</em></strong></span> <span class='ocrx_word' id='word_1_49' title='bbox 523 661 652 709; x_wconf 89' lang='lat' dir='ltr'><strong><em>audiamus</em></strong></span> <span class='ocrx_word' id='word_1_50' title='bbox 671 673 678 706; x_wconf 81' lang='lat' dir='ltr'><strong><em>r</em></strong></span> <span class='ocrx_word' id='word_1_51' title='bbox 704 660 763 707; x_wconf 80' lang='lat' dir='ltr'><strong><em>sicud</em></strong></span> <span class='ocrx_word' id='word_1_52' title='bbox 779 659 941 706; x_wconf 84' lang='lat' dir='ltr'><strong><em>uestimentum</em></strong></span> <span class='ocrx_word' id='word_1_53' title='bbox 961 658 1114 712; x_wconf 70' lang='lat' dir='ltr'><strong><em>veterascent,</em></strong></span> <span class='ocrx_word' id='word_1_54' title='bbox 1135 659 1156 704; x_wconf 93' lang='lat' dir='ltr'><strong><em>et</em></strong></span> <span class='ocrx_word' id='word_1_55' title='bbox 1173 652 1233 703; x_wconf 80' lang='lat' dir='ltr'><strong><em>sinet</em></strong></span> 
     </span>
     <span class='ocr_line' id='line_1_6' title="bbox 150 723 1231 788; baseline -0.003 -14"><span class='ocrx_word' id='word_1_56' title='bbox 150 727 270 786; x_wconf 85' lang='lat' dir='ltr'><strong><em>Mortalis,</em></strong></span> <span class='ocrx_word' id='word_1_57' title='bbox 281 729 374 788; x_wconf 91' lang='lat' dir='ltr'><strong><em>inquit,</em></strong></span> <span class='ocrx_word' id='word_1_58' title='bbox 392 730 455 788; x_wconf 80' lang='lat' dir='ltr'><strong><em>tilius</em></strong></span> <span class='ocrx_word' id='word_1_59' title='bbox 472 729 590 785; x_wconf 87' lang='lat' dir='ltr'><strong><em>mulieris,</em></strong></span> <span class='ocrx_word' id='word_1_60' title='bbox 607 727 679 776; x_wconf 83' lang='lat' dir='ltr'><strong><em>tresis</em></strong></span> <span class='ocrx_word' id='word_1_61' title='bbox 704 728 846 787; x_wconf 73' lang='lat' dir='ltr'><strong><em>opertorium</em></strong></span> <span class='ocrx_word' id='word_1_62' title='bbox 860 726 962 773; x_wconf 86' lang='lat' dir='ltr'><strong><em>mutabis</em></strong></span> <span class='ocrx_word' id='word_1_63' title='bbox 977 737 1015 772; x_wconf 90' lang='lat' dir='ltr'><strong><em>cos</em></strong></span> <span class='ocrx_word' id='word_1_64' title='bbox 1030 725 1052 770; x_wconf 89' lang='lat' dir='ltr'><strong><em>et</em></strong></span> <span class='ocrx_word' id='word_1_65' title='bbox 1068 723 1231 772; x_wconf 85' lang='lat' dir='ltr'><strong><em>mutabuntur.</em></strong></span> 
     </span>
     <span class='ocr_line' id='line_1_7' title="bbox 150 790 1232 856; baseline -0.002 -14"><span class='ocrx_word' id='word_1_66' title='bbox 150 797 203 842; x_wconf 83' lang='lat' dir='ltr'><strong><em>uite</em></strong></span> <span class='ocrx_word' id='word_1_67' title='bbox 213 798 260 854; x_wconf 90' lang='lat' dir='ltr'><strong><em>cst,</em></strong></span> <span class='ocrx_word' id='word_1_68' title='bbox 277 799 299 844; x_wconf 89' lang='lat' dir='ltr'><strong><em>et</em></strong></span> <span class='ocrx_word' id='word_1_69' title='bbox 314 798 396 856; x_wconf 83' lang='lat' dir='ltr'><strong><em>plenus</em></strong></span> <span class='ocrx_word' id='word_1_70' title='bbox 411 798 554 854; x_wconf 80' lang='lat' dir='ltr'><strong><em>iracundie,</em></strong></span> <span class='ocrx_word' id='word_1_71' title='bbox 566 797 607 856; x_wconf 89' lang='lat' dir='ltr'><strong><em>qut</em></strong></span> <span class='ocrx_word' id='word_1_72' title='bbox 621 796 679 843; x_wconf 71' lang='lat' dir='ltr'><strong><em>dent</em></strong></span> <span class='ocrx_word' id='word_1_73' title='bbox 703 795 831 842; x_wconf 87' lang='lat' dir='ltr'><strong>Possumus</strong></span> <span class='ocrx_word' id='word_1_74' title='bbox 848 793 923 842; x_wconf 90' lang='lat' dir='ltr'><strong><em>etiam</em></strong></span> <span class='ocrx_word' id='word_1_75' title='bbox 942 791 1005 839; x_wconf 91' lang='lat' dir='ltr'><strong><em>illud</em></strong></span> <span class='ocrx_word' id='word_1_76' title='bbox 1023 790 1154 850; x_wconf 85' lang='lat' dir='ltr'><strong><em>adtexere,</em></strong></span> <span class='ocrx_word' id='word_1_77' title='bbox 1170 805 1232 853; x_wconf 90' lang='lat' dir='ltr'><strong><em>quo-</em></strong></span> 
     </span>
     <span class='ocr_line' id='line_1_8' title="bbox 148 860 1231 924; baseline -0.002 -13"><span class='ocrx_word' id='word_1_78' title='bbox 148 864 294 922; x_wconf 76' lang='lat' dir='ltr'><strong><em>ttastioruit,</em></strong></span> <span class='ocrx_word' id='word_1_79' title='bbox 305 868 328 913; x_wconf 91' lang='lat' dir='ltr'><strong><em>et</em></strong></span> <span class='ocrx_word' id='word_1_80' title='bbox 341 867 438 924; x_wconf 85' lang='lat' dir='ltr'><strong><em>decidit,·</em></strong></span> <span class='ocrx_word' id='word_1_81' title='bbox 456 865 551 913; x_wconf 73' lang='lat' dir='ltr'><strong><em>discedit</em></strong></span> <span class='ocrx_word' id='word_1_82' title='bbox 564 866 679 912; x_wconf 77' lang='lat' dir='ltr'><strong><em>autemut</em></strong></span> <span class='ocrx_word' id='word_1_83' title='bbox 703 863 770 910; x_wconf 88' lang='lat' dir='ltr'><strong><em>niam</em></strong></span> <span class='ocrx_word' id='word_1_84' title='bbox 789 863 854 922; x_wconf 91' lang='lat' dir='ltr'><strong><em>quod</em></strong></span> <span class='ocrx_word' id='word_1_85' title='bbox 871 863 942 910; x_wconf 81' lang='lat' dir='ltr'><strong><em>vetus</em></strong></span> <span class='ocrx_word' id='word_1_86' title='bbox 954 861 1005 918; x_wconf 92' lang='lat' dir='ltr'><strong><em>est,</em></strong></span> <span class='ocrx_word' id='word_1_87' title='bbox 1024 860 1150 919; x_wconf 87' lang='lat' dir='ltr'><strong><em>adsuitur3</em></strong></span> <span class='ocrx_word' id='word_1_88' title='bbox 1167 863 1231 921; x_wconf 91' lang='lat' dir='ltr'><strong><em>quod</em></strong></span> 
     </span>
     <span class='ocr_line' id='line_1_9' title="bbox 148 928 1232 995; baseline -0.002 -17"><span class='ocrx_word' id='word_1_89' title='bbox 148 932 248 990; x_wconf 77' lang='lat' dir='ltr'><strong><em>matra,</em></strong></span> <span class='ocrx_word' id='word_1_90' title='bbox 259 936 280 981; x_wconf 93' lang='lat' dir='ltr'><strong><em>et</em></strong></span> <span class='ocrx_word' id='word_1_91' title='bbox 296 946 345 981; x_wconf 86' lang='lat' dir='ltr'><strong><em>uou</em></strong></span> <span class='ocrx_word' id='word_1_92' title='bbox 359 935 453 981; x_wconf 81' lang='lat' dir='ltr'><strong><em>resistit.</em></strong></span> <span class='ocrx_word' id='word_1_93' title='bbox 465 935 549 980; x_wconf 85' lang='lat' dir='ltr'><strong><em>Nauae</em></strong></span> <span class='ocrx_word' id='word_1_94' title='bbox 559 935 581 980; x_wconf 89' lang='lat' dir='ltr'><strong><em>et</em></strong></span> <span class='ocrx_word' id='word_1_95' title='bbox 595 933 625 980; x_wconf 87' lang='lat' dir='ltr'><strong><em>ab</em></strong></span> <span class='ocrx_word' id='word_1_96' title='bbox 636 933 678 979; x_wconf 85' lang='lat' dir='ltr'><strong><em>taoc</em></strong></span> <span class='ocrx_word' id='word_1_97' title='bbox 703 943 808 995; x_wconf 76' lang='lat' dir='ltr'><strong><em>novum,</em></strong></span> <span class='ocrx_word' id='word_1_98' title='bbox 818 930 921 990; x_wconf 80' lang='lat' dir='ltr'><strong><em>cagitm.</em></strong></span> <span class='ocrx_word' id='word_1_99' title='bbox 932 928 1045 976; x_wconf 82' lang='lat' dir='ltr'><strong><em>tdiebus</em></strong></span> <span class='ocrx_word' id='word_1_100' title='bbox 1054 929 1135 975; x_wconf 88' lang='lat' dir='ltr'><strong><em>autem</em></strong></span> <span class='ocrx_word' id='word_1_101' title='bbox 1143 929 1232 976; x_wconf 80' lang='lat' dir='ltr'><strong><em>taban-</em></strong></span> 
     </span>
    </p>

    <p class='ocr_par' dir='ltr' id='par_1_4' title="bbox 125 997 1232 2153">
     <span class='ocr_line' id='line_1_10' title="bbox 125 997 1231 1064; baseline -0.001 -19"><span class='ocrx_word' id='word_1_102' title='bbox 125 1060 132 1064; x_wconf 86' lang='lat'><em>.</em></span> <span class='ocrx_word' id='word_1_103' title='bbox 148 999 462 1062; x_wconf 81' lang='lat' dir='ltr'><strong><em>ratioquaerituriiitbuac</em></strong></span> <span class='ocrx_word' id='word_1_104' title='bbox 472 999 642 1059; x_wconf 68' lang='lat' dir='ltr'><strong><em>secutiintrarc</em></strong></span> <span class='ocrx_word' id='word_1_105' title='bbox 653 1001 679 1046; x_wconf 85' lang='lat' dir='ltr'><strong><em>ia</em></strong></span> <span class='ocrx_word' id='word_1_106' title='bbox 703 999 742 1046; x_wconf 91' lang='lat' dir='ltr'><strong><em>nis</em></strong></span> <span class='ocrx_word' id='word_1_107' title='bbox 752 998 867 1058; x_wconf 76' lang='lat' dir='ltr'><strong><em>Baptistae</em></strong></span> <span class='ocrx_word' id='word_1_108' title='bbox 883 1009 985 1056; x_wconf 77' lang='lat' dir='ltr'><strong><em>regnum</em></strong></span> <span class='ocrx_word' id='word_1_109' title='bbox 996 997 1112 1044; x_wconf 91' lang='lat' dir='ltr'><strong><em>coelorum</em></strong></span> <span class='ocrx_word' id='word_1_110' title='bbox 1123 998 1231 1058; x_wconf 77' lang='lat' dir='ltr'><strong><em>cogitur,</em></strong></span> 
     </span>
     <span class='ocr_line' id='line_1_11' title="bbox 145 1066 1232 1128; baseline 0.001 -14"><span class='ocrx_word' id='word_1_111' title='bbox 145 1068 260 1125; x_wconf 70' lang='lat' dir='ltr'><strong><em>iudicium</em></strong></span> <span class='ocrx_word' id='word_1_112' title='bbox 271 1069 313 1116; x_wconf 85' lang='lat' dir='ltr'><strong><em>sub</em></strong></span> <span class='ocrx_word' id='word_1_113' title='bbox 332 1071 452 1128; x_wconf 74' lang='lat' dir='ltr'><strong><em>conspectu</em></strong></span> <span class='ocrx_word' id='word_1_114' title='bbox 470 1071 519 1115; x_wconf 89' lang='lat' dir='ltr'><strong><em>tuo.</em></strong></span> <span class='ocrx_word' id='word_1_115' title='bbox 532 1068 588 1128; x_wconf 84' lang='lat' dir='ltr'><strong><em>Quis</em></strong></span> <span class='ocrx_word' id='word_1_116' title='bbox 599 1069 678 1114; x_wconf 88' lang='lat' dir='ltr'><strong><em>autem</em></strong></span> <span class='ocrx_word' id='word_1_117' title='bbox 704 1068 730 1115; x_wconf 90' lang='lat' dir='ltr'><strong><em>et</em></strong></span> <span class='ocrx_word' id='word_1_118' title='bbox 746 1067 860 1127; x_wconf 77' lang='lat' dir='ltr'><strong><em>cogentes</em></strong></span> <span class='ocrx_word' id='word_1_119' title='bbox 878 1066 999 1126; x_wconf 90' lang='lat' dir='ltr'><strong><em>diripiunt</em></strong></span> <span class='ocrx_word' id='word_1_120' title='bbox 1020 1066 1091 1113; x_wconf 91' lang='lat' dir='ltr'><strong><em>illud.</em></strong></span> <span class='ocrx_word' id='word_1_121' title='bbox 1109 1067 1232 1115; x_wconf 82' lang='lat' dir='ltr'><strong><em>Adsuebat</em></strong></span> 
     </span>
     <span class='ocr_line' id='line_1_12' title="bbox 147 1128 1232 1195; baseline 0.001 -13"><span class='ocrx_word' id='word_1_122' title='bbox 147 1137 248 1184; x_wconf 86' lang='lat' dir='ltr'><strong><em>mundus</em></strong></span> <span class='ocrx_word' id='word_1_123' title='bbox 257 1139 290 1184; x_wconf 92' lang='lat' dir='ltr'><strong><em>est</em></strong></span> <span class='ocrx_word' id='word_1_124' title='bbox 308 1135 418 1184; x_wconf 81' lang='lat' dir='ltr'><strong><em>acarde?</em></strong></span> <span class='ocrx_word' id='word_1_125' title='bbox 433 1138 477 1184; x_wconf 87' lang='lat' dir='ltr'><strong><em>Sed</em></strong></span> <span class='ocrx_word' id='word_1_126' title='bbox 487 1149 570 1194; x_wconf 90' lang='lat' dir='ltr'><strong><em>uemo,</em></strong></span> <span class='ocrx_word' id='word_1_127' title='bbox 587 1137 679 1184; x_wconf 83' lang='lat' dir='ltr'><strong><em>etiamst</em></strong></span> <span class='ocrx_word' id='word_1_128' title='bbox 705 1147 761 1195; x_wconf 82' lang='lat' dir='ltr'><strong><em>ergo</em></strong></span> <span class='ocrx_word' id='word_1_129' title='bbox 769 1135 831 1182; x_wconf 88' lang='lat' dir='ltr'><strong><em>illud</em></strong></span> <span class='ocrx_word' id='word_1_130' title='bbox 842 1135 967 1195; x_wconf 78' lang='lat' dir='ltr'><strong><em>synagoga</em></strong></span> <span class='ocrx_word' id='word_1_131' title='bbox 978 1135 1004 1182; x_wconf 91' lang='lat' dir='ltr'><strong><em>in</em></strong></span> <span class='ocrx_word' id='word_1_132' title='bbox 1015 1135 1113 1194; x_wconf 91' lang='lat' dir='ltr'><strong><em>paucis,</em></strong></span> <span class='ocrx_word' id='word_1_133' title='bbox 1124 1128 1232 1184; x_wconf 81' lang='lat' dir='ltr'><strong><em>Ecclesia</em></strong></span> 
     </span>
     <span class='ocr_line' id='line_1_13' title="bbox 149 1203 1230 1264; baseline 0.004 -16"><span class='ocrx_word' id='word_1_134' title='bbox 149 1205 218 1250; x_wconf 85' lang='lat' dir='ltr'><strong><em>auius</em></strong></span> <span class='ocrx_word' id='word_1_135' title='bbox 227 1205 271 1250; x_wconf 82' lang='lat' dir='ltr'><strong><em>diei</em></strong></span> <span class='ocrx_word' id='word_1_136' title='bbox 278 1205 308 1252; x_wconf 86' lang='lat' dir='ltr'><strong><em>sit</em></strong></span> <span class='ocrx_word' id='word_1_137' title='bbox 316 1206 365 1251; x_wconf 88' lang='lat' dir='ltr'><strong><em>uita</em></strong></span> <span class='ocrx_word' id='word_1_138' title='bbox 372 1205 497 1264; x_wconf 86' lang='lat' dir='ltr'><strong><em>ejussuper</em></strong></span> <span class='ocrx_word' id='word_1_139' title='bbox 507 1205 604 1251; x_wconf 87' lang='lat' dir='ltr'><strong><em>terram.</em></strong></span> <span class='ocrx_word' id='word_1_140' title='bbox 613 1203 677 1250; x_wconf 86' lang='lat' dir='ltr'><strong><em>Vere</em></strong></span> <span class='ocrx_word' id='word_1_141' title='bbox 704 1205 768 1262; x_wconf 80' lang='lat' dir='ltr'><strong><em>cogit</em></strong></span> <span class='ocrx_word' id='word_1_142' title='bbox 779 1205 806 1250; x_wconf 91' lang='lat' dir='ltr'><strong><em>in</em></strong></span> <span class='ocrx_word' id='word_1_143' title='bbox 816 1203 934 1252; x_wconf 88' lang='lat' dir='ltr'><strong><em>millibus.</em></strong></span> <span class='ocrx_word' id='word_1_144' title='bbox 943 1204 989 1250; x_wconf 81' lang='lat' dir='ltr'><strong><em>Vel</em></strong></span> <span class='ocrx_word' id='word_1_145' title='bbox 999 1203 1058 1264; x_wconf 93' lang='lat' dir='ltr'><strong><em>quia</em></strong></span> <span class='ocrx_word' id='word_1_146' title='bbox 1065 1216 1131 1252; x_wconf 93' lang='lat' dir='ltr'><strong><em>nunc</em></strong></span> <span class='ocrx_word' id='word_1_147' title='bbox 1142 1206 1230 1252; x_wconf 90' lang='lat' dir='ltr'><strong><em>coelum</em></strong></span> 
     </span>
     <span class='ocr_line' id='line_1_14' title="bbox 149 1270 1232 1334; baseline 0.006 -18"><span class='ocrx_word' id='word_1_148' title='bbox 149 1271 297 1319; x_wconf 89' lang='lat' dir='ltr'><strong><em>miserabilis</em></strong></span> <span class='ocrx_word' id='word_1_149' title='bbox 305 1271 422 1330; x_wconf 88' lang='lat' dir='ltr'><strong><em>conditio,</em></strong></span> <span class='ocrx_word' id='word_1_150' title='bbox 430 1271 457 1318; x_wconf 93' lang='lat' dir='ltr'><strong><em>ut</em></strong></span> <span class='ocrx_word' id='word_1_151' title='bbox 465 1270 606 1330; x_wconf 89' lang='lat' dir='ltr'><strong><em>peccatisui</em></strong></span> <span class='ocrx_word' id='word_1_152' title='bbox 613 1270 679 1330; x_wconf 92' lang='lat' dir='ltr'><strong><em>quod</em></strong></span> <span class='ocrx_word' id='word_1_153' title='bbox 705 1274 773 1320; x_wconf 89' lang='lat' dir='ltr'><strong><em>adsui</em></strong></span> <span class='ocrx_word' id='word_1_154' title='bbox 790 1272 889 1321; x_wconf 83' lang='lat' dir='ltr'><strong><em>uidetur</em></strong></span> <span class='ocrx_word' id='word_1_155' title='bbox 899 1272 997 1320; x_wconf 85' lang='lat' dir='ltr'><strong><em>nebulis</em></strong></span> <span class='ocrx_word' id='word_1_156' title='bbox 1008 1274 1034 1321; x_wconf 90' lang='lat' dir='ltr'><strong><em>et</em></strong></span> <span class='ocrx_word' id='word_1_157' title='bbox 1044 1273 1163 1334; x_wconf 74' lang='lat' dir='ltr'><strong><em>caligine,</em></strong></span> <span class='ocrx_word' id='word_1_158' title='bbox 1172 1286 1232 1322; x_wconf 90' lang='lat' dir='ltr'><strong><em>noc-</em></strong></span> 
     </span>
     <span class='ocr_line' id='line_1_15' title="bbox 149 1339 1232 1402; baseline 0.006 -18"><span class='ocrx_word' id='word_1_159' title='bbox 149 1339 228 1387; x_wconf 81' lang='lat' dir='ltr'><strong><em>uitare</em></strong></span> <span class='ocrx_word' id='word_1_160' title='bbox 243 1352 293 1388; x_wconf 91' lang='lat' dir='ltr'><strong><em>non</em></strong></span> <span class='ocrx_word' id='word_1_161' title='bbox 315 1340 404 1399; x_wconf 85' lang='lat' dir='ltr'><strong><em>possit,</em></strong></span> <span class='ocrx_word' id='word_1_162' title='bbox 423 1340 544 1387; x_wconf 89' lang='lat' dir='ltr'><strong><em>rationem</em></strong></span> <span class='ocrx_word' id='word_1_163' title='bbox 563 1339 677 1399; x_wconf 89' lang='lat' dir='ltr'><strong><em>praestare</em></strong></span> <span class='ocrx_word' id='word_1_164' title='bbox 704 1342 830 1402; x_wconf 91' lang='lat' dir='ltr'><strong><em>turnisque</em></strong></span> <span class='ocrx_word' id='word_1_165' title='bbox 841 1341 963 1401; x_wconf 87' lang='lat' dir='ltr'><strong><em>tenebris,</em></strong></span> <span class='ocrx_word' id='word_1_166' title='bbox 980 1340 1005 1388; x_wconf 92' lang='lat' dir='ltr'><strong><em>et</em></strong></span> <span class='ocrx_word' id='word_1_167' title='bbox 1015 1354 1100 1389; x_wconf 91' lang='lat' dir='ltr'><strong><em>croceo</em></strong></span> <span class='ocrx_word' id='word_1_168' title='bbox 1112 1342 1162 1389; x_wconf 91' lang='lat' dir='ltr'><strong><em>diei</em></strong></span> <span class='ocrx_word' id='word_1_169' title='bbox 1177 1356 1232 1390; x_wconf 88' lang='lat' dir='ltr'><strong><em>sur-</em></strong></span> 
     </span>
     <span class='ocr_line' id='line_1_16' title="bbox 149 1407 1231 1470; baseline 0.005 -16"><span class='ocrx_word' id='word_1_170' title='bbox 149 1409 248 1468; x_wconf 81' lang='lat' dir='ltr'><strong><em>cogatur</em></strong></span> <span class='ocrx_word' id='word_1_171' title='bbox 257 1421 264 1455; x_wconf 77' lang='lat' dir='ltr'><strong><em>c</em></strong></span> <span class='ocrx_word' id='word_1_172' title='bbox 271 1408 393 1467; x_wconf 81' lang='lat' dir='ltr'><strong><em>judicium</em></strong></span> <span class='ocrx_word' id='word_1_173' title='bbox 407 1408 512 1467; x_wconf 88' lang='lat' dir='ltr'><strong><em>intrare,</em></strong></span> <span class='ocrx_word' id='word_1_174' title='bbox 523 1407 551 1453; x_wconf 89' lang='lat' dir='ltr'><strong><em>in</em></strong></span> <span class='ocrx_word' id='word_1_175' title='bbox 561 1418 678 1465; x_wconf 90' lang='lat' dir='ltr'><strong><em>conspec-</em></strong></span> <span class='ocrx_word' id='word_1_176' title='bbox 703 1410 783 1470; x_wconf 77' lang='lat' dir='ltr'><strong><em>gentis</em></strong></span> <span class='ocrx_word' id='word_1_177' title='bbox 791 1411 880 1458; x_wconf 90' lang='lat' dir='ltr'><strong><em>rubore</em></strong></span> <span class='ocrx_word' id='word_1_178' title='bbox 888 1410 985 1458; x_wconf 87' lang='lat' dir='ltr'><strong><em>diversa</em></strong></span> <span class='ocrx_word' id='word_1_179' title='bbox 993 1411 1018 1458; x_wconf 90' lang='lat' dir='ltr'><strong><em>et</em></strong></span> <span class='ocrx_word' id='word_1_180' title='bbox 1026 1410 1139 1458; x_wconf 84' lang='lat' dir='ltr'><strong><em>discolori</em></strong></span> <span class='ocrx_word' id='word_1_181' title='bbox 1147 1412 1231 1470; x_wconf 87' lang='lat' dir='ltr'><strong><em>specie</em></strong></span> 
     </span>
     <span class='ocr_line' id='line_1_17' title="bbox 148 1475 1231 1537; baseline 0.003 -14"><span class='ocrx_word' id='word_1_182' title='bbox 148 1477 202 1523; x_wconf 92' lang='lat' dir='ltr'><strong><em>tum</em></strong></span> <span class='ocrx_word' id='word_1_183' title='bbox 217 1478 314 1524; x_wconf 86' lang='lat' dir='ltr'><strong><em>Domini</em></strong></span> <span class='ocrx_word' id='word_1_184' title='bbox 326 1478 409 1524; x_wconf 91' lang='lat' dir='ltr'><strong><em>subire</em></strong></span> <span class='ocrx_word' id='word_1_185' title='bbox 425 1475 601 1535; x_wconf 87' lang='lat' dir='ltr'><strong><em>omnipotentis</em></strong></span> <span class='ocrx_word' id='word_1_186' title='bbox 612 1486 678 1521; x_wconf 55' lang='lat' dir='ltr'><strong><em>com-¹</em></strong></span> <span class='ocrx_word' id='word_1_187' title='bbox 702 1491 767 1537; x_wconf 82' lang='lat' dir='ltr'><strong><em>sepe</em></strong></span> <span class='ocrx_word' id='word_1_188' title='bbox 778 1478 928 1525; x_wconf 82' lang='lat' dir='ltr'><strong><em>contextum.</em></strong></span> <span class='ocrx_word' id='word_1_189' title='bbox 940 1479 1007 1525; x_wconf 81' lang='lat' dir='ltr'><strong><em>Tunc</em></strong></span> <span class='ocrx_word' id='word_1_190' title='bbox 1022 1478 1105 1526; x_wconf 90' lang='lat' dir='ltr'><strong><em>autem</em></strong></span> <span class='ocrx_word' id='word_1_191' title='bbox 1117 1492 1168 1527; x_wconf 85' lang='lat' dir='ltr'><strong><em>nox</em></strong></span> <span class='ocrx_word' id='word_1_192' title='bbox 1181 1492 1231 1528; x_wconf 90' lang='lat' dir='ltr'><strong><em>nan</em></strong></span> 
     </span>
     <span class='ocr_line' id='line_1_18' title="bbox 149 1544 1230 1606; baseline 0.006 -15"><span class='ocrx_word' id='word_1_193' title='bbox 149 1546 258 1606; x_wconf 91' lang='lat' dir='ltr'><strong><em>pellitur,</em></strong></span> <span class='ocrx_word' id='word_1_194' title='bbox 265 1546 338 1594; x_wconf 92' lang='lat' dir='ltr'><strong><em>edere</em></strong></span> <span class='ocrx_word' id='word_1_195' title='bbox 347 1558 431 1594; x_wconf 87' lang='lat' dir='ltr'><strong><em>causas</em></strong></span> <span class='ocrx_word' id='word_1_196' title='bbox 439 1545 677 1604; x_wconf 78' lang='lat' dir='ltr'><strong><em>gestorumsuomm,</em></strong></span> <span class='ocrx_word' id='word_1_197' title='bbox 703 1545 751 1591; x_wconf 88' lang='lat' dir='ltr'><strong><em>erit</em></strong></span> <span class='ocrx_word' id='word_1_198' title='bbox 768 1545 884 1604; x_wconf 88' lang='lat' dir='ltr'><strong><em>amplius,</em></strong></span> <span class='ocrx_word' id='word_1_199' title='bbox 902 1546 928 1590; x_wconf 91' lang='lat' dir='ltr'><strong><em>et</em></strong></span> <span class='ocrx_word' id='word_1_200' title='bbox 938 1556 987 1592; x_wconf 95' lang='lat' dir='ltr'><strong><em>non</em></strong></span> <span class='ocrx_word' id='word_1_201' title='bbox 1003 1544 1154 1605; x_wconf 77' lang='lat' dir='ltr'><strong><em>indigebunt</em></strong></span> <span class='ocrx_word' id='word_1_202' title='bbox 1172 1549 1230 1605; x_wconf 83' lang='lat' dir='ltr'><strong><em>luce</em></strong></span> 
     </span>
     <span class='ocr_line' id='line_1_19' title="bbox 147 1609 1231 1673; baseline 0.003 -12"><span class='ocrx_word' id='word_1_203' title='bbox 147 1626 202 1672; x_wconf 88' lang='lat' dir='ltr'><strong><em>quae</em></strong></span> <span class='ocrx_word' id='word_1_204' title='bbox 213 1614 249 1663; x_wconf 87' lang='lat' dir='ltr'><strong><em>tot</em></strong></span> <span class='ocrx_word' id='word_1_205' title='bbox 259 1615 316 1663; x_wconf 76' lang='lat' dir='ltr'><strong><em>vite</em></strong></span> <span class='ocrx_word' id='word_1_206' title='bbox 326 1627 377 1662; x_wconf 83' lang='lat' dir='ltr'><strong><em>suae</em></strong></span> <span class='ocrx_word' id='word_1_207' title='bbox 387 1613 500 1661; x_wconf 69' lang='lat' dir='ltr'><strong><em>statibus</em></strong></span> <span class='ocrx_word' id='word_1_208' title='bbox 510 1609 676 1670; x_wconf 89' lang='lat' dir='ltr'><strong><em>percurrerit,</em></strong></span> <span class='ocrx_word' id='word_1_209' title='bbox 702 1612 822 1670; x_wconf 87' lang='lat' dir='ltr'><strong><em>lucernae,</em></strong></span> <span class='ocrx_word' id='word_1_210' title='bbox 834 1613 859 1661; x_wconf 90' lang='lat' dir='ltr'><strong><em>et</em></strong></span> <span class='ocrx_word' id='word_1_211' title='bbox 874 1613 969 1660; x_wconf 91' lang='lat' dir='ltr'><strong><em>lumine</em></strong></span> <span class='ocrx_word' id='word_1_212' title='bbox 987 1613 1059 1672; x_wconf 85' lang='lat' dir='ltr'><strong><em>salis3</em></strong></span> <span class='ocrx_word' id='word_1_213' title='bbox 1072 1615 1130 1673; x_wconf 90' lang='lat' dir='ltr'><strong><em>quia</em></strong></span> <span class='ocrx_word' id='word_1_214' title='bbox 1148 1617 1231 1665; x_wconf 87' lang='lat' dir='ltr'><strong><em>Domi·</em></strong></span> 
     </span>
     <span class='ocr_line' id='line_1_20' title="bbox 146 1679 1231 1741; baseline 0.005 -14"><span class='ocrx_word' id='word_1_215' title='bbox 146 1694 203 1728; x_wconf 89' lang='lat' dir='ltr'><strong><em>cum</em></strong></span> <span class='ocrx_word' id='word_1_216' title='bbox 214 1682 319 1730; x_wconf 90' lang='lat' dir='ltr'><strong><em>mundus</em></strong></span> <span class='ocrx_word' id='word_1_217' title='bbox 334 1695 348 1728; x_wconf 91' lang='lat' dir='ltr'><strong><em>a</em></strong></span> <span class='ocrx_word' id='word_1_218' title='bbox 358 1681 458 1741; x_wconf 90' lang='lat' dir='ltr'><strong><em>peccato</em></strong></span> <span class='ocrx_word' id='word_1_219' title='bbox 469 1679 551 1738; x_wconf 87' lang='lat' dir='ltr'><strong><em>quivis</em></strong></span> <span class='ocrx_word' id='word_1_220' title='bbox 562 1690 615 1725; x_wconf 88' lang='lat' dir='ltr'><strong><em>esse</em></strong></span> <span class='ocrx_word' id='word_1_221' title='bbox 627 1688 676 1723; x_wconf 91' lang='lat' dir='ltr'><strong><em>non</em></strong></span> <span class='ocrx_word' id='word_1_222' title='bbox 702 1693 749 1726; x_wconf 93' lang='lat' dir='ltr'><strong><em>nus</em></strong></span> <span class='ocrx_word' id='word_1_223' title='bbox 759 1679 908 1728; x_wconf 90' lang='lat' dir='ltr'><strong><em>illuminabit</em></strong></span> <span class='ocrx_word' id='word_1_224' title='bbox 913 1691 987 1741; x_wconf 87' lang='lat' dir='ltr'><strong><em>super</em></strong></span> <span class='ocrx_word' id='word_1_225' title='bbox 993 1692 1043 1740; x_wconf 88' lang='lat' dir='ltr'><strong><em>eos,</em></strong></span> <span class='ocrx_word' id='word_1_226' title='bbox 1049 1681 1114 1730; x_wconf 87' lang='lat' dir='ltr'><strong><em>sicut</em></strong></span> <span class='ocrx_word' id='word_1_227' title='bbox 1124 1683 1231 1732; x_wconf 82' lang='lat' dir='ltr'><strong><em>dicitlo·</em></strong></span> 
     </span>
     <span class='ocr_line' id='line_1_21' title="bbox 146 1744 1231 1811; baseline 0.006 -16"><span class='ocrx_word' id='word_1_228' title='bbox 146 1750 272 1810; x_wconf 87' lang='lat' dir='ltr'><strong><em>possit‚ut</em></strong></span> <span class='ocrx_word' id='word_1_229' title='bbox 280 1749 381 1809; x_wconf 90' lang='lat' dir='ltr'><strong><em>abipsis</em></strong></span> <span class='ocrx_word' id='word_1_230' title='bbox 391 1747 521 1795; x_wconf 90' lang='lat' dir='ltr'><strong><em>cunabulis</em></strong></span> <span class='ocrx_word' id='word_1_231' title='bbox 529 1746 598 1806; x_wconf 92' lang='lat' dir='ltr'><strong><em>prius</em></strong></span> <span class='ocrx_word' id='word_1_232' title='bbox 607 1744 677 1792; x_wconf 92' lang='lat' dir='ltr'><strong><em>obre·</em></strong></span> <span class='ocrx_word' id='word_1_233' title='bbox 702 1750 803 1797; x_wconf 89' lang='lat' dir='ltr'><strong><em>hannes.</em></strong></span> <span class='ocrx_word' id='word_1_234' title='bbox 814 1749 859 1794; x_wconf 81' lang='lat' dir='ltr'><strong><em>Vel</em></strong></span> <span class='ocrx_word' id='word_1_235' title='bbox 875 1749 998 1808; x_wconf 79' lang='lat' dir='ltr'><strong><em>quiatVae</em></strong></span> <span class='ocrx_word' id='word_1_236' title='bbox 1013 1751 1041 1798; x_wconf 87' lang='lat' dir='ltr'><strong><em>iis</em></strong></span> <span class='ocrx_word' id='word_1_237' title='bbox 1055 1753 1096 1811; x_wconf 85' lang='lat' dir='ltr'><strong><em>qui</em></strong></span> <span class='ocrx_word' id='word_1_238' title='bbox 1105 1753 1231 1802; x_wconf 85' lang='lat' dir='ltr'><strong><em>adsumunt</em></strong></span> 
     </span>
     <span class='ocr_line' id='line_1_22' title="bbox 146 1815 1228 1882; baseline 0.006 -18"><span class='ocrx_word' id='word_1_239' title='bbox 146 1819 304 1877; x_wconf 81' lang='lat' dir='ltr'><strong><em>petiniantiae</em></strong></span> <span class='ocrx_word' id='word_1_240' title='bbox 311 1820 391 1877; x_wconf 87' lang='lat' dir='ltr'><strong><em>culpa,</em></strong></span> <span class='ocrx_word' id='word_1_241' title='bbox 399 1815 511 1876; x_wconf 89' lang='lat' dir='ltr'><strong><em>quamsit</em></strong></span> <span class='ocrx_word' id='word_1_242' title='bbox 518 1816 583 1862; x_wconf 90' lang='lat' dir='ltr'><strong><em>ullus</em></strong></span> <span class='ocrx_word' id='word_1_243' title='bbox 591 1825 676 1870; x_wconf 84' lang='lat' dir='ltr'><strong><em>seusus</em></strong></span> <span class='ocrx_word' id='word_1_244' title='bbox 701 1819 822 1866; x_wconf 81' lang='lat' dir='ltr'><strong><em>ceruicalia</em></strong></span> <span class='ocrx_word' id='word_1_245' title='bbox 840 1819 870 1864; x_wconf 91' lang='lat' dir='ltr'><strong><em>ad</em></strong></span> <span class='ocrx_word' id='word_1_246' title='bbox 891 1819 1022 1866; x_wconf 81' lang='lat' dir='ltr'><strong><em>evertendas</em></strong></span> <span class='ocrx_word' id='word_1_247' title='bbox 1035 1821 1127 1868; x_wconf 85' lang='lat' dir='ltr'><strong><em>animas</em></strong></span> <span class='ocrx_word' id='word_1_248' title='bbox 1141 1824 1228 1882; x_wconf 84' lang='lat' dir='ltr'><strong><em>pepuli.</em></strong></span> 
     </span>
     <span class='ocr_line' id='line_1_23' title="bbox 147 1880 1230 1946; baseline 0.004 -14"><span class='ocrx_word' id='word_1_249' title='bbox 147 1885 246 1932; x_wconf 89' lang='lat' dir='ltr'><strong><em>erroris.</em></strong></span> <span class='ocrx_word' id='word_1_250' title='bbox 261 1885 387 1943; x_wconf 80' lang='lat' dir='ltr'><strong><em>Quamque</em></strong></span> <span class='ocrx_word' id='word_1_251' title='bbox 404 1881 468 1929; x_wconf 93' lang='lat' dir='ltr'><strong><em>illud</em></strong></span> <span class='ocrx_word' id='word_1_252' title='bbox 478 1880 635 1940; x_wconf 79' lang='lat' dir='ltr'><strong><em>miserabile,</em></strong></span> <span class='ocrx_word' id='word_1_253' title='bbox 647 1882 676 1929; x_wconf 90' lang='lat' dir='ltr'><strong><em>ut</em></strong></span> <span class='ocrx_word' id='word_1_254' title='bbox 730 1885 769 1931; x_wconf 76' lang='lat'><strong><em>25.</em></strong></span> <span class='ocrx_word' id='word_1_255' title='bbox 788 1883 931 1945; x_wconf 86' lang='lat' dir='ltr'><strong><em>Deploranti</em></strong></span> <span class='ocrx_word' id='word_1_256' title='bbox 953 1885 1079 1946; x_wconf 79' lang='lat' dir='ltr'><strong><em>prophetas</em></strong></span> <span class='ocrx_word' id='word_1_257' title='bbox 1103 1888 1230 1937; x_wconf 89' lang='lat' dir='ltr'><strong><em>miseriam</em></strong></span> 
     </span>
     <span class='ocr_line' id='line_1_24' title="bbox 147 1948 1228 2013; baseline 0.006 -13"><span class='ocrx_word' id='word_1_258' title='bbox 147 1953 231 2001; x_wconf 85' lang='lat' dir='ltr'><strong><em>brevis</em></strong></span> <span class='ocrx_word' id='word_1_259' title='bbox 248 1953 281 2000; x_wconf 90' lang='lat' dir='ltr'><strong><em>sit</em></strong></span> <span class='ocrx_word' id='word_1_260' title='bbox 295 1951 347 1999; x_wconf 83' lang='lat' dir='ltr'><strong><em>vita</em></strong></span> <span class='ocrx_word' id='word_1_261' title='bbox 365 1951 431 2009; x_wconf 75' lang='lat' dir='ltr'><strong><em>eius,</em></strong></span> <span class='ocrx_word' id='word_1_262' title='bbox 450 1950 528 1996; x_wconf 86' lang='lat' dir='ltr'><strong><em>dulcis</em></strong></span> <span class='ocrx_word' id='word_1_263' title='bbox 543 1948 675 2010; x_wconf 79' lang='lat' dir='ltr'><strong><em>illecebra,</em></strong></span> <span class='ocrx_word' id='word_1_264' title='bbox 700 1955 789 2001; x_wconf 87' lang='lat' dir='ltr'><strong><em>nostrae</em></strong></span> <span class='ocrx_word' id='word_1_265' title='bbox 799 1953 953 2012; x_wconf 81' lang='lat' dir='ltr'><strong><em>tragilitatis,</em></strong></span> <span class='ocrx_word' id='word_1_266' title='bbox 970 1957 1062 2013; x_wconf 78' lang='lat' dir='ltr'><strong><em>quest</em></strong></span> <span class='ocrx_word' id='word_1_267' title='bbox 1077 1950 1108 2002; x_wconf 66' lang='lat' dir='ltr'><strong><em>⁴iri</em></strong></span> <span class='ocrx_word' id='word_1_268' title='bbox 1117 1957 1163 2004; x_wconf 91' lang='lat' dir='ltr'><strong><em>hac</em></strong></span> <span class='ocrx_word' id='word_1_269' title='bbox 1174 1959 1228 2007; x_wconf 85' lang='lat' dir='ltr'><strong><em>vita</em></strong></span> 
     </span>
     <span class='ocr_line' id='line_1_25' title="bbox 147 2016 1229 2082; baseline 0.007 -16"><span class='ocrx_word' id='word_1_270' title='bbox 147 2020 280 2080; x_wconf 82' lang='lat' dir='ltr'><strong><em>multiplex</em></strong></span> <span class='ocrx_word' id='word_1_271' title='bbox 304 2030 425 2077; x_wconf 83' lang='lat' dir='ltr'><strong><em>ammas,</em></strong></span> <span class='ocrx_word' id='word_1_272' title='bbox 442 2016 569 2064; x_wconf 88' lang='lat' dir='ltr'><strong><em>iracundia</em></strong></span> <span class='ocrx_word' id='word_1_273' title='bbox 591 2018 676 2077; x_wconf 90' lang='lat' dir='ltr'><strong><em>quoti·</em></strong></span> <span class='ocrx_word' id='word_1_274' title='bbox 700 2022 870 2082; x_wconf 90' lang='lat' dir='ltr'><strong><em>requiemnon</em></strong></span> <span class='ocrx_word' id='word_1_275' title='bbox 886 2021 1002 2081; x_wconf 90' lang='lat' dir='ltr'><strong><em>haberet,</em></strong></span> <span class='ocrx_word' id='word_1_276' title='bbox 1014 2022 1039 2069; x_wconf 91' lang='lat' dir='ltr'><strong><em>et</em></strong></span> <span class='ocrx_word' id='word_1_277' title='bbox 1053 2024 1171 2072; x_wconf 88' lang='lat' dir='ltr'><strong><em>universa</em></strong></span> <span class='ocrx_word' id='word_1_278' title='bbox 1187 2039 1229 2074; x_wconf 92' lang='lat' dir='ltr'><strong><em>su-</em></strong></span> 
     </span>
     <span class='ocr_line' id='line_1_26' title="bbox 146 2086 1229 2153; baseline 0.006 -17"><span class='ocrx_word' id='word_1_279' title='bbox 146 2091 229 2137; x_wconf 86' lang='lat' dir='ltr'><strong><em>diana.</em></strong></span> <span class='ocrx_word' id='word_1_280' title='bbox 249 2091 333 2150; x_wconf 90' lang='lat' dir='ltr'><strong><em>ltaque</em></strong></span> <span class='ocrx_word' id='word_1_281' title='bbox 352 2089 379 2135; x_wconf 89' lang='lat' dir='ltr'><strong><em>in</em></strong></span> <span class='ocrx_word' id='word_1_282' title='bbox 398 2088 488 2146; x_wconf 81' lang='lat' dir='ltr'><strong><em>exigua</em></strong></span> <span class='ocrx_word' id='word_1_283' title='bbox 508 2086 673 2136; x_wconf 82' lang='lat' dir='ltr'><strong><em>delectatione</em></strong></span> <span class='ocrx_word' id='word_1_284' title='bbox 700 2091 752 2139; x_wconf 88' lang='lat' dir='ltr'><strong><em>bito</em></strong></span> <span class='ocrx_word' id='word_1_285' title='bbox 764 2091 863 2137; x_wconf 91' lang='lat' dir='ltr'><strong><em>incursu</em></strong></span> <span class='ocrx_word' id='word_1_286' title='bbox 874 2090 1108 2151; x_wconf 89' lang='lat' dir='ltr'><strong><em>mortisamitteret‚</em></strong></span> <span class='ocrx_word' id='word_1_287' title='bbox 1124 2092 1229 2153; x_wconf 84' lang='lat' dir='ltr'><strong><em>Spiritus</em></strong></span> 
     </span>
    </p>
   </div>
   <div class='ocr_carea' id='block_1_4' title="bbox 145 2156 1302 2218">
    <p class='ocr_par' dir='ltr' id='par_1_5' title="bbox 145 2156 1302 2218">
     <span class='ocr_line' id='line_1_27' title="bbox 145 2156 1302 2218; baseline 0.003 -12"><span class='ocrx_word' id='word_1_288' title='bbox 145 2158 283 2206; x_wconf 74' lang='lat' dir='ltr'><strong><em>amaritudo</em></strong></span> <span class='ocrx_word' id='word_1_289' title='bbox 298 2157 418 2218; x_wconf 87' lang='lat' dir='ltr'><strong><em>perpetua</em></strong></span> <span class='ocrx_word' id='word_1_290' title='bbox 429 2157 476 2204; x_wconf 87' lang='lat' dir='ltr'><strong><em>est.</em></strong></span> <span class='ocrx_word' id='word_1_291' title='bbox 700 2159 798 2206; x_wconf 91' lang='lat' dir='ltr'><strong><em>sanctus</em></strong></span> <span class='ocrx_word' id='word_1_292' title='bbox 812 2157 903 2205; x_wconf 91' lang='lat' dir='ltr'><strong><em>iniudit</em></strong></span> <span class='ocrx_word' id='word_1_293' title='bbox 912 2156 1008 2205; x_wconf 88' lang='lat' dir='ltr'><strong><em>tamdiu</em></strong></span> <span class='ocrx_word' id='word_1_294' title='bbox 1018 2170 1068 2205; x_wconf 91' lang='lat' dir='ltr'><strong><em>non</em></strong></span> <span class='ocrx_word' id='word_1_295' title='bbox 1077 2162 1229 2209; x_wconf 88' lang='lat' dir='ltr'><strong><em>resurrectu-</em></strong></span> <span class='ocrx_word' id='word_1_296' title='bbox 1299 2213 1302 2217; x_wconf 56' lang='grc'>,</span> 
     </span>
    </p>
   </div>
   <div class='ocr_carea' id='block_1_5' title="bbox 143 2225 1260 3038">
    <p class='ocr_par' dir='ltr' id='par_1_6' title="bbox 143 2225 1260 3038">
     <span class='ocr_line' id='line_1_28' title="bbox 177 2225 1228 2289; baseline 0.004 -16"><span class='ocrx_word' id='word_1_297' title='bbox 177 2226 216 2273; x_wconf 68' lang='lat'><strong><em>95.</em></strong></span> <span class='ocrx_word' id='word_1_298' title='bbox 227 2228 284 2284; x_wconf 81' lang='lat' dir='ltr'><strong><em>Est,</em></strong></span> <span class='ocrx_word' id='word_1_299' title='bbox 297 2226 393 2286; x_wconf 91' lang='lat' dir='ltr'><strong><em>inquit,</em></strong></span> <span class='ocrx_word' id='word_1_300' title='bbox 409 2226 556 2285; x_wconf 81' lang='lat' dir='ltr'><strong><em>arbarispes.</em></strong></span> <span class='ocrx_word' id='word_1_301' title='bbox 574 2227 675 2272; x_wconf 84' lang='lat' dir='ltr'><strong><em>sienim</em></strong></span> <span class='ocrx_word' id='word_1_302' title='bbox 700 2239 739 2275; x_wconf 91' lang='lat' dir='ltr'><strong><em>ros</em></strong></span> <span class='ocrx_word' id='word_1_303' title='bbox 758 2227 882 2286; x_wconf 88' lang='lat' dir='ltr'><strong><em>homines,</em></strong></span> <span class='ocrx_word' id='word_1_304' title='bbox 901 2225 978 2274; x_wconf 92' lang='lat' dir='ltr'><strong><em>donec</em></strong></span> <span class='ocrx_word' id='word_1_305' title='bbox 996 2227 1094 2276; x_wconf 84' lang='lat' dir='ltr'><strong><em>veniret</em></strong></span> <span class='ocrx_word' id='word_1_306' title='bbox 1116 2230 1159 2289; x_wconf 90' lang='lat' dir='ltr'><strong><em>qui</em></strong></span> <span class='ocrx_word' id='word_1_307' title='bbox 1178 2241 1228 2277; x_wconf 91' lang='lat' dir='ltr'><strong><em>non</em></strong></span> 
     </span>
     <span class='ocr_line' id='line_1_29' title="bbox 146 2294 1260 2356; baseline 0.003 -15"><span class='ocrx_word' id='word_1_308' title='bbox 146 2296 217 2353; x_wconf 69' lang='lat' dir='ltr'><strong><em>suedi</em></strong></span> <span class='ocrx_word' id='word_1_309' title='bbox 234 2295 327 2350; x_wconf 70' lang='lat' dir='ltr'><strong><em>cuasa,</em></strong></span> <span class='ocrx_word' id='word_1_310' title='bbox 338 2294 444 2351; x_wconf 77' lang='lat' dir='ltr'><strong><em>virescit5</em></strong></span> <span class='ocrx_word' id='word_1_311' title='bbox 456 2294 479 2340; x_wconf 88' lang='lat' dir='ltr'><strong><em>et</em></strong></span> <span class='ocrx_word' id='word_1_312' title='bbox 488 2295 514 2340; x_wconf 86' lang='lat' dir='ltr'><strong><em>ia</em></strong></span> <span class='ocrx_word' id='word_1_313' title='bbox 529 2295 596 2354; x_wconf 83' lang='lat' dir='ltr'><strong><em>petra</em></strong></span> <span class='ocrx_word' id='word_1_314' title='bbox 611 2306 675 2340; x_wconf 90' lang='lat' dir='ltr'><strong><em>mor·</em></strong></span> <span class='ocrx_word' id='word_1_315' title='bbox 700 2296 813 2344; x_wconf 83' lang='lat' dir='ltr'><strong><em>adsuerat</em></strong></span> <span class='ocrx_word' id='word_1_316' title='bbox 830 2296 914 2343; x_wconf 84' lang='lat' dir='ltr'><strong><em>vetera</em></strong></span> <span class='ocrx_word' id='word_1_317' title='bbox 931 2295 1016 2356; x_wconf 81' lang='lat' dir='ltr'><strong><em>novis,</em></strong></span> <span class='ocrx_word' id='word_1_318' title='bbox 1026 2308 1073 2344; x_wconf 91' lang='lat' dir='ltr'><strong><em>nec</em></strong></span> <span class='ocrx_word' id='word_1_319' title='bbox 1091 2298 1227 2346; x_wconf 80' lang='lat' dir='ltr'><strong><em>vestimen·</em></strong></span> <span class='ocrx_word' id='word_1_320' title='bbox 1257 2334 1260 2344; x_wconf 78' lang='grc'>,</span> 
     </span>
     <span class='ocr_line' id='line_1_30' title="bbox 147 2361 1227 2421; baseline 0.005 -12"><span class='ocrx_word' id='word_1_321' title='bbox 147 2367 199 2410; x_wconf 89' lang='lat' dir='ltr'><strong><em>tuus</em></strong></span> <span class='ocrx_word' id='word_1_322' title='bbox 209 2375 290 2409; x_wconf 89' lang='lat' dir='ltr'><strong><em>ramus</em></strong></span> <span class='ocrx_word' id='word_1_323' title='bbox 300 2361 349 2420; x_wconf 84' lang='lat' dir='ltr'><strong><em>ejus</em></strong></span> <span class='ocrx_word' id='word_1_324' title='bbox 363 2361 446 2420; x_wconf 69' lang='lat' dir='ltr'><strong><em>firmil,</em></strong></span> <span class='ocrx_word' id='word_1_325' title='bbox 457 2361 488 2407; x_wconf 89' lang='lat' dir='ltr'><strong><em>od</em></strong></span> <span class='ocrx_word' id='word_1_326' title='bbox 504 2361 596 2408; x_wconf 86' lang='lat' dir='ltr'><strong><em>adorem</em></strong></span> <span class='ocrx_word' id='word_1_327' title='bbox 607 2375 675 2421; x_wconf 88' lang='lat' dir='ltr'><strong><em>aquoe</em></strong></span> <span class='ocrx_word' id='word_1_328' title='bbox 700 2366 752 2411; x_wconf 88' lang='lat' dir='ltr'><strong><em>tum</em></strong></span> <span class='ocrx_word' id='word_1_329' title='bbox 763 2376 854 2412; x_wconf 87' lang='lat' dir='ltr'><strong><em>novum</em></strong></span> <span class='ocrx_word' id='word_1_330' title='bbox 865 2363 1030 2413; x_wconf 88' lang='lat' dir='ltr'><strong><em>committeret</em></strong></span> <span class='ocrx_word' id='word_1_331' title='bbox 1048 2364 1074 2412; x_wconf 92' lang='lat' dir='ltr'><strong><em>in</em></strong></span> <span class='ocrx_word' id='word_1_332' title='bbox 1091 2366 1227 2414; x_wconf 86' lang='lat' dir='ltr'><strong><em>vestimen·</em></strong></span> 
     </span>
     <span class='ocr_line' id='line_1_31' title="bbox 146 2431 1226 2495; baseline 0.006 -17"><span class='ocrx_word' id='word_1_333' title='bbox 146 2431 250 2491; x_wconf 69' lang='lat' dir='ltr'><strong><em>florebit3</em></strong></span> <span class='ocrx_word' id='word_1_334' title='bbox 267 2431 428 2491; x_wconf 67' lang='lat' dir='ltr'><strong><em>iaculantem</em></strong></span> <span class='ocrx_word' id='word_1_335' title='bbox 446 2442 542 2476; x_wconf 86' lang='lat' dir='ltr'><strong><em>messem</em></strong></span> <span class='ocrx_word' id='word_1_336' title='bbox 557 2431 616 2477; x_wconf 76' lang='lat' dir='ltr'><strong><em>siau</em></strong></span> <span class='ocrx_word' id='word_1_337' title='bbox 631 2443 675 2477; x_wconf 86' lang='lat' dir='ltr'><strong><em>ao·</em></strong></span> <span class='ocrx_word' id='word_1_338' title='bbox 699 2434 752 2481; x_wconf 90' lang='lat' dir='ltr'><strong><em>tum</em></strong></span> <span class='ocrx_word' id='word_1_339' title='bbox 770 2433 856 2492; x_wconf 81' lang='lat' dir='ltr'><strong><em>vetus3</em></strong></span> <span class='ocrx_word' id='word_1_340' title='bbox 874 2433 918 2480; x_wconf 92' lang='lat' dir='ltr'><strong><em>sed</em></strong></span> <span class='ocrx_word' id='word_1_341' title='bbox 936 2432 1017 2480; x_wconf 87' lang='lat' dir='ltr'><strong><em>omnia</em></strong></span> <span class='ocrx_word' id='word_1_342' title='bbox 1035 2433 1128 2484; x_wconf 89' lang='lat' dir='ltr'><strong><em>taceret</em></strong></span> <span class='ocrx_word' id='word_1_343' title='bbox 1151 2449 1226 2495; x_wconf 85' lang='lat' dir='ltr'><strong><em>nova,</em></strong></span> 
     </span>
     <span class='ocr_line' id='line_1_32' title="bbox 146 2497 1226 2562; baseline 0.006 -16"><span class='ocrx_word' id='word_1_344' title='bbox 146 2501 212 2547; x_wconf 84' lang='lat' dir='ltr'><strong><em>sella.</em></strong></span> <span class='ocrx_word' id='word_1_345' title='bbox 223 2501 268 2547; x_wconf 85' lang='lat' dir='ltr'><strong><em>Vir</em></strong></span> <span class='ocrx_word' id='word_1_346' title='bbox 278 2501 356 2546; x_wconf 90' lang='lat' dir='ltr'><strong><em>autem</em></strong></span> <span class='ocrx_word' id='word_1_347' title='bbox 369 2497 489 2557; x_wconf 59' lang='lat' dir='ltr'><strong><em>&amp;mactus</em></strong></span> <span class='ocrx_word' id='word_1_348' title='bbox 504 2497 674 2555; x_wconf 56' lang='lat' dir='ltr'><strong><em>abiitmadeus</em></strong></span> <span class='ocrx_word' id='word_1_349' title='bbox 700 2501 834 2561; x_wconf 89' lang='lat' dir='ltr'><strong><em>sicutipse</em></strong></span> <span class='ocrx_word' id='word_1_350' title='bbox 852 2501 917 2549; x_wconf 84' lang='lat' dir='ltr'><strong><em>dixit</em></strong></span> <span class='ocrx_word' id='word_1_351' title='bbox 935 2516 942 2548; x_wconf 78' lang='lat' dir='ltr'><strong><em>c</em></strong></span> <span class='ocrx_word' id='word_1_352' title='bbox 962 2505 1021 2549; x_wconf 77' lang='lat' dir='ltr'><strong><em>Ecce</em></strong></span> <span class='ocrx_word' id='word_1_353' title='bbox 1045 2503 1134 2562; x_wconf 77' lang='lat' dir='ltr'><strong><em>faciam</em></strong></span> <span class='ocrx_word' id='word_1_354' title='bbox 1152 2505 1226 2554; x_wconf 74' lang='lat' dir='ltr'><strong><em>&#39;norm</em></strong></span> 
     </span>
     <span class='ocr_line' id='line_1_33' title="bbox 145 2565 1228 2634; baseline 0.006 -19"><span class='ocrx_word' id='word_1_355' title='bbox 145 2571 223 2615; x_wconf 86' lang='lat' dir='ltr'><strong><em>cutem</em></strong></span> <span class='ocrx_word' id='word_1_356' title='bbox 231 2567 336 2615; x_wconf 86' lang='lat' dir='ltr'><strong><em>mortalis</em></strong></span> <span class='ocrx_word' id='word_1_357' title='bbox 345 2566 413 2612; x_wconf 84' lang='lat' dir='ltr'><strong><em>homo</em></strong></span> <span class='ocrx_word' id='word_1_358' title='bbox 422 2578 469 2611; x_wconf 86' lang='lat' dir='ltr'><strong><em>aaa</em></strong></span> <span class='ocrx_word' id='word_1_359' title='bbox 479 2565 543 2612; x_wconf 84' lang='lat' dir='ltr'><strong><em>ultra</em></strong></span> <span class='ocrx_word' id='word_1_360' title='bbox 552 2567 595 2613; x_wconf 84' lang='lat' dir='ltr'><strong><em>cst.</em></strong></span> <span class='ocrx_word' id='word_1_361' title='bbox 606 2567 674 2613; x_wconf 85' lang='lat' dir='ltr'><strong><em>Tem·</em></strong></span> <span class='ocrx_word' id='word_1_362' title='bbox 698 2572 753 2630; x_wconf 83' lang='lat' dir='ltr'><strong><em>lpse</em></strong></span> <span class='ocrx_word' id='word_1_363' title='bbox 769 2571 807 2617; x_wconf 88' lang='lat' dir='ltr'><strong><em>est</em></strong></span> <span class='ocrx_word' id='word_1_364' title='bbox 824 2571 891 2617; x_wconf 90' lang='lat' dir='ltr'><strong><em>enim</em></strong></span> <span class='ocrx_word' id='word_1_365' title='bbox 901 2571 1060 2632; x_wconf 86' lang='lat' dir='ltr'><strong><em>resurrectio,</em></strong></span> <span class='ocrx_word' id='word_1_366' title='bbox 1073 2573 1126 2633; x_wconf 91' lang='lat' dir='ltr'><strong><em>ipse</em></strong></span> <span class='ocrx_word' id='word_1_367' title='bbox 1136 2574 1228 2634; x_wconf 87' lang='lat' dir='ltr'><strong><em>primo-</em></strong></span> 
     </span>
     <span class='ocr_line' id='line_1_34' title="bbox 143 2632 1228 2704; baseline -0.003 -21"><span class='ocrx_word' id='word_1_368' title='bbox 143 2649 200 2696; x_wconf 86' lang='lat' dir='ltr'><strong><em>pore</em></strong></span> <span class='ocrx_word' id='word_1_369' title='bbox 215 2639 293 2683; x_wconf 71' lang='lat' dir='ltr'><strong><em>auem</em></strong></span> <span class='ocrx_word' id='word_1_370' title='bbox 307 2636 406 2694; x_wconf 70' lang='lat' dir='ltr'><strong><em>fluctuat</em></strong></span> <span class='ocrx_word' id='word_1_371' title='bbox 418 2647 493 2680; x_wconf 90' lang='lat' dir='ltr'><strong><em>mare.</em></strong></span> <span class='ocrx_word' id='word_1_372' title='bbox 504 2632 674 2691; x_wconf 82' lang='lat' dir='ltr'><strong><em>Spectavimus</em></strong></span> <span class='ocrx_word' id='word_1_373' title='bbox 699 2640 796 2698; x_wconf 74' lang='lat' dir='ltr'><strong><em>genitus</em></strong></span> <span class='ocrx_word' id='word_1_374' title='bbox 808 2652 841 2688; x_wconf 70' lang='lat' dir='ltr'><strong><em>ax</em></strong></span> <span class='ocrx_word' id='word_1_375' title='bbox 859 2640 962 2687; x_wconf 78' lang='lat' dir='ltr'><strong><em>mortuis</em></strong></span> <span class='ocrx_word' id='word_1_376' title='bbox 973 2641 1058 2700; x_wconf 77' lang='lat' dir='ltr'><strong><em>inquo</em></strong></span> <span class='ocrx_word' id='word_1_377' title='bbox 1076 2654 1160 2691; x_wconf 63' lang='lat' dir='ltr'><strong><em>omne,</em></strong></span> <span class='ocrx_word' id='word_1_378' title='bbox 1171 2647 1228 2704; x_wconf 69' lang='lat' dir='ltr'><strong><em>quq.</em></strong></span> 
     </span>
     <span class='ocr_line' id='line_1_35' title="bbox 145 2701 1227 2767; baseline 0.007 -17"><span class='ocrx_word' id='word_1_379' title='bbox 145 2703 283 2764; x_wconf 84' lang='lat' dir='ltr'><strong><em>prophetici</em></strong></span> <span class='ocrx_word' id='word_1_380' title='bbox 300 2701 419 2750; x_wconf 86' lang='lat' dir='ltr'><strong><em>sermouis</em></strong></span> <span class='ocrx_word' id='word_1_381' title='bbox 430 2701 521 2748; x_wconf 89' lang='lat' dir='ltr'><strong><em>seriem</em></strong></span> <span class='ocrx_word' id='word_1_382' title='bbox 537 2714 570 2749; x_wconf 84' lang='lat' dir='ltr'><strong><em>ex</em></strong></span> <span class='ocrx_word' id='word_1_383' title='bbox 579 2701 673 2750; x_wconf 88' lang='lat' dir='ltr'><strong><em>duobus</em></strong></span> <span class='ocrx_word' id='word_1_384' title='bbox 699 2708 755 2755; x_wconf 90' lang='lat' dir='ltr'><strong><em>dem</em></strong></span> <span class='ocrx_word' id='word_1_385' title='bbox 769 2708 956 2767; x_wconf 75' lang='lat' dir='ltr'><strong><em>prerogativam</em></strong></span> <span class='ocrx_word' id='word_1_386' title='bbox 968 2708 1057 2757; x_wconf 87' lang='lat' dir='ltr'><strong><em>iuturae</em></strong></span> <span class='ocrx_word' id='word_1_387' title='bbox 1068 2712 1227 2759; x_wconf 86' lang='lat' dir='ltr'><strong><em>resurrectio-</em></strong></span> 
     </span>
     <span class='ocr_line' id='line_1_36' title="bbox 146 2770 1227 2837; baseline 0.007 -18"><span class='ocrx_word' id='word_1_388' title='bbox 146 2771 304 2819; x_wconf 90' lang='lat' dir='ltr'><strong><em>inierioribus</em></strong></span> <span class='ocrx_word' id='word_1_389' title='bbox 318 2770 461 2829; x_wconf 88' lang='lat' dir='ltr'><strong><em>elementis,</em></strong></span> <span class='ocrx_word' id='word_1_390' title='bbox 473 2770 539 2818; x_wconf 90' lang='lat' dir='ltr'><strong><em>terra</em></strong></span> <span class='ocrx_word' id='word_1_391' title='bbox 550 2782 578 2818; x_wconf 93' lang='lat' dir='ltr'><strong><em>ac</em></strong></span> <span class='ocrx_word' id='word_1_392' title='bbox 596 2772 673 2830; x_wconf 88' lang='lat' dir='ltr'><strong><em>mari,</em></strong></span> <span class='ocrx_word' id='word_1_393' title='bbox 697 2775 737 2822; x_wconf 92' lang='lat' dir='ltr'><strong><em>nis</em></strong></span> <span class='ocrx_word' id='word_1_394' title='bbox 747 2776 885 2834; x_wconf 89' lang='lat' dir='ltr'><strong><em>accepimus</em></strong></span> <span class='ocrx_word' id='word_1_395' title='bbox 896 2787 903 2820; x_wconf 78' lang='lat' dir='ltr'><strong><em>a</em></strong></span> <span class='ocrx_word' id='word_1_396' title='bbox 916 2776 982 2822; x_wconf 90' lang='lat' dir='ltr'><strong><em>solus</em></strong></span> <span class='ocrx_word' id='word_1_397' title='bbox 990 2777 1073 2823; x_wconf 91' lang='lat' dir='ltr'><strong><em>tamen</em></strong></span> <span class='ocrx_word' id='word_1_398' title='bbox 1084 2777 1137 2837; x_wconf 89' lang='lat' dir='ltr'><strong><em>ipse</em></strong></span> <span class='ocrx_word' id='word_1_399' title='bbox 1147 2777 1227 2828; x_wconf 77' lang='lat' dir='ltr'><strong><em>adbuc</em></strong></span> 
     </span>
     <span class='ocr_line' id='line_1_37' title="bbox 144 2838 1161 2903; baseline 0.006 -17"><span class='ocrx_word' id='word_1_400' title='bbox 144 2854 199 2900; x_wconf 78' lang='lat' dir='ltr'><strong><em>que</em></strong></span> <span class='ocrx_word' id='word_1_401' title='bbox 210 2839 275 2886; x_wconf 90' lang='lat' dir='ltr'><strong><em>omni</em></strong></span> <span class='ocrx_word' id='word_1_402' title='bbox 290 2839 405 2898; x_wconf 75' lang='lat' dir='ltr'><strong><em>iujuriae„</em></strong></span> <span class='ocrx_word' id='word_1_403' title='bbox 412 2838 553 2898; x_wconf 87' lang='lat' dir='ltr'><strong><em>crebrisque</em></strong></span> <span class='ocrx_word' id='word_1_404' title='bbox 564 2839 673 2898; x_wconf 84' lang='lat' dir='ltr'><strong><em>tempes-</em></strong></span> <span class='ocrx_word' id='word_1_405' title='bbox 697 2843 877 2892; x_wconf 87' lang='lat' dir='ltr'><strong><em>resurrectione</em></strong></span> <span class='ocrx_word' id='word_1_406' title='bbox 886 2845 1006 2903; x_wconf 89' lang='lat' dir='ltr'><strong><em>perpetua</em></strong></span> <span class='ocrx_word' id='word_1_407' title='bbox 1016 2845 1161 2892; x_wconf 82' lang='lat' dir='ltr'><strong><em>resurrexit.</em></strong></span> 
     </span>
     <span class='ocr_line' id='line_1_38' title="bbox 145 2907 1002 2968; baseline 0 -14"><span class='ocrx_word' id='word_1_408' title='bbox 145 2908 236 2954; x_wconf 87' lang='lat' dir='ltr'><strong><em>tatibus</em></strong></span> <span class='ocrx_word' id='word_1_409' title='bbox 247 2907 472 2966; x_wconf 77' lang='lat' dir='ltr'><strong><em>subiaceattquam</em></strong></span> <span class='ocrx_word' id='word_1_410' title='bbox 481 2907 590 2955; x_wconf 84' lang='lat' dir='ltr'><strong><em>validum</em></strong></span> <span class='ocrx_word' id='word_1_411' title='bbox 602 2920 673 2968; x_wconf 73' lang='lat' dir='ltr'><strong><em>arqu-</em></strong></span> <span class='ocrx_word' id='word_1_412' title='bbox 910 2940 1002 2954; x_wconf 81' lang='grc'><em>...-</em></span> 
     </span>
     <span class='ocr_line' id='line_1_39' title="bbox 145 2976 1073 3038; baseline 0.002 -15"><span class='ocrx_word' id='word_1_413' title='bbox 145 2979 257 3025; x_wconf 90' lang='lat' dir='ltr'><strong><em>mentum</em></strong></span> <span class='ocrx_word' id='word_1_414' title='bbox 282 2978 370 3024; x_wconf 77' lang='lat' dir='ltr'><strong><em>nostre</em></strong></span> <span class='ocrx_word' id='word_1_415' title='bbox 396 2977 517 3037; x_wconf 84' lang='lat' dir='ltr'><strong><em>expressit</em></strong></span> <span class='ocrx_word' id='word_1_416' title='bbox 541 2976 672 3024; x_wconf 78' lang='lat' dir='ltr'><strong><em>erumpet</em></strong></span> <span class='ocrx_word' id='word_1_417' title='bbox 852 2985 978 3038; x_wconf 69' lang='lat' dir='ltr'>CAPUT</span> <span class='ocrx_word' id='word_1_418' title='bbox 987 2985 1073 3036; x_wconf 74' lang='lat' dir='ltr'>v111,</span> 
     </span>
    </p>
   </div>
   <div class='ocr_carea' id='block_1_6' title="bbox 143 3045 1226 3178">
    <p class='ocr_par' dir='ltr' id='par_1_7' title="bbox 143 3045 1226 3178">
     <span class='ocr_line' id='line_1_40' title="bbox 144 3045 1180 3133; baseline 0.005 -13"><span class='ocrx_word' id='word_1_419' title='bbox 144 3047 261 3105; x_wconf 42' lang='lat' dir='ltr'><strong>&#39;refrena’</strong></span> <span class='ocrx_word' id='word_1_420' title='bbox 270 3045 364 3105; x_wconf 60' lang='lat' dir='ltr'><strong><em>inqmt’</em></strong></span> <span class='ocrx_word' id='word_1_421' title='bbox 372 3046 488 3106; x_wconf 55' lang='lat' dir='ltr'>virgulta’</span> <span class='ocrx_word' id='word_1_422' title='bbox 497 3058 671 3106; x_wconf 60' lang='lat' dir='ltr'><strong>nemorosaque</strong></span> <span class='ocrx_word' id='word_1_423' title='bbox 697 3084 809 3133; x_wconf 80' lang='lat' dir='ltr'><strong><em>Quomodo</em></strong></span> <span class='ocrx_word' id='word_1_424' title='bbox 826 3085 899 3122; x_wconf 86' lang='lat' dir='ltr'><strong><em>beatus</em></strong></span> <span class='ocrx_word' id='word_1_425' title='bbox 911 3084 951 3122; x_wconf 83' lang='lat' dir='ltr'><strong><em>dob</em></strong></span> <span class='ocrx_word' id='word_1_426' title='bbox 965 3086 1145 3124; x_wconf 84' lang='lat' dir='ltr'><strong><em>resurrectionem</em></strong></span> <span class='ocrx_word' id='word_1_427' title='bbox 1160 3091 1180 3125; x_wconf 82' lang='lat' dir='ltr'><strong><em>at</em></strong></span> 
     </span>
     <span class='ocr_line' id='line_1_41' title="bbox 143 3096 1225 3164; baseline 0.002 -2"><span class='ocrx_word' id='word_1_428' title='bbox 143 3115 257 3162; x_wconf 89' lang='lat' dir='ltr'><strong><em>nrbomm</em></strong></span> <span class='ocrx_word' id='word_1_429' title='bbox 285 3116 361 3163; x_wconf 87' lang='lat' dir='ltr'><strong><em>etiam</em></strong></span> <span class='ocrx_word' id='word_1_430' title='bbox 379 3127 436 3163; x_wconf 90' lang='lat' dir='ltr'><strong><em>cum</em></strong></span> <span class='ocrx_word' id='word_1_431' title='bbox 453 3116 546 3164; x_wconf 87' lang='lat' dir='ltr'><strong><em>tuerint</em></strong></span> <span class='ocrx_word' id='word_1_432' title='bbox 561 3116 657 3163; x_wconf 87' lang='lat' dir='ltr'><strong><em>mortua</em></strong></span> <span class='ocrx_word' id='word_1_433' title='bbox 1062 3138 1066 3149; x_wconf 93' lang='lat'>·</span> <span class='ocrx_word' id='word_1_434' title='bbox 1182 3096 1225 3136; x_wconf 69' lang='lat' dir='ltr'><strong><em>que</em></strong></span> 
     </span>
     <span class='ocr_line' id='line_1_42' title="bbox 264 3138 1226 3178; baseline 0.004 -4"><span class='ocrx_word' id='word_1_435' title='bbox 264 3148 272 3174; x_wconf 84' lang='lat' dir='ltr'><strong><em>r</em></strong></span> <span class='ocrx_word' id='word_1_436' title='bbox 662 3148 670 3175; x_wconf 81' lang='lat' dir='ltr'><strong><em>s</em></strong></span> <span class='ocrx_word' id='word_1_437' title='bbox 717 3139 773 3176; x_wconf 86' lang='lat' dir='ltr'><strong><em>iram</em></strong></span> <span class='ocrx_word' id='word_1_438' title='bbox 790 3138 877 3176; x_wconf 80' lang='lat' dir='ltr'><strong><em>Domini</em></strong></span> <span class='ocrx_word' id='word_1_439' title='bbox 888 3148 910 3175; x_wconf 83' lang='lat' dir='ltr'><strong><em>sn</em></strong></span> <span class='ocrx_word' id='word_1_440' title='bbox 923 3141 1109 3176; x_wconf 80' lang='lat' dir='ltr'><strong><em>consummatione</em></strong></span> <span class='ocrx_word' id='word_1_441' title='bbox 1126 3139 1226 3178; x_wconf 81' lang='lat' dir='ltr'><strong><em>tulurasn</em></strong></span> 
     </span>
    </p>
   </div>
   <div class='ocr_carea' id='block_1_7' title="bbox 94 3182 1227 4064">
    <p class='ocr_par' dir='ltr' id='par_1_8' title="bbox 94 3182 1227 4064">
     <span class='ocr_line' id='line_1_43' title="bbox 145 3182 1226 3244; baseline 0 -14"><span class='ocrx_word' id='word_1_442' title='bbox 145 3185 170 3230; x_wconf 92' lang='lat' dir='ltr'><strong><em>in</em></strong></span> <span class='ocrx_word' id='word_1_443' title='bbox 180 3195 238 3230; x_wconf 90' lang='lat' dir='ltr'><strong><em>usus</em></strong></span> <span class='ocrx_word' id='word_1_444' title='bbox 248 3182 336 3230; x_wconf 81' lang='lat' dir='ltr'><strong><em>vitales</em></strong></span> <span class='ocrx_word' id='word_1_445' title='bbox 346 3184 486 3243; x_wconf 75' lang='lat' dir='ltr'><strong><em>resurgunt.</em></strong></span> <span class='ocrx_word' id='word_1_446' title='bbox 497 3184 562 3230; x_wconf 88' lang='lat' dir='ltr'><strong><em>liare</em></strong></span> <span class='ocrx_word' id='word_1_447' title='bbox 572 3196 670 3244; x_wconf 85' lang='lat' dir='ltr'><strong><em>quoque</em></strong></span> <span class='ocrx_word' id='word_1_448' title='bbox 717 3192 868 3238; x_wconf 67' lang='lat' dir='ltr'><strong><em>agninorum</em></strong></span> <span class='ocrx_word' id='word_1_449' title='bbox 877 3202 882 3229; x_wconf 76' lang='grc' dir='ltr'><strong>ι</strong></span> <span class='ocrx_word' id='word_1_450' title='bbox 891 3194 912 3229; x_wconf 79' lang='lat' dir='ltr'><strong><em>et</em></strong></span> <span class='ocrx_word' id='word_1_451' title='bbox 920 3202 985 3240; x_wconf 78' lang='lat' dir='ltr'><strong><em>quam</em></strong></span> <span class='ocrx_word' id='word_1_452' title='bbox 994 3191 1145 3230; x_wconf 66' lang='lat' dir='ltr'><strong><em>dulcorarent</em></strong></span> <span class='ocrx_word' id='word_1_453' title='bbox 1152 3202 1177 3230; x_wconf 82' lang='lat' dir='ltr'><strong><em>ex</em></strong></span> <span class='ocrx_word' id='word_1_454' title='bbox 1186 3192 1226 3230; x_wconf 74' lang='lat' dir='ltr'><strong><em>bue</em></strong></span> 
     </span>
     <span class='ocr_line' id='line_1_44' title="bbox 143 3245 1177 3312; baseline -0.004 -28"><span class='ocrx_word' id='word_1_455' title='bbox 143 3255 224 3312; x_wconf 69' lang='lat' dir='ltr'><strong><em>jpsum</em></strong></span> <span class='ocrx_word' id='word_1_456' title='bbox 228 3252 366 3309; x_wconf 70' lang='lat' dir='ltr'><strong><em>temporum</em></strong></span> <span class='ocrx_word' id='word_1_457' title='bbox 372 3250 536 3298; x_wconf 62' lang='lat' dir='ltr'><strong><em>vicibuggolet</em></strong></span> <span class='ocrx_word' id='word_1_458' title='bbox 541 3251 669 3300; x_wconf 47' lang='lat' dir='ltr'><strong><em>fluctuare,</em></strong></span> <span class='ocrx_word' id='word_1_459' title='bbox 718 3247 773 3292; x_wconf 79' lang='lat' dir='ltr'><strong><em>rita,</em></strong></span> <span class='ocrx_word' id='word_1_460' title='bbox 782 3245 820 3284; x_wconf 81' lang='lat' dir='ltr'><strong><em>urbi</em></strong></span> <span class='ocrx_word' id='word_1_461' title='bbox 829 3246 920 3293; x_wconf 84' lang='lat' dir='ltr'><strong><em>pertidia</em></strong></span> <span class='ocrx_word' id='word_1_462' title='bbox 929 3245 1056 3284; x_wconf 82' lang='lat' dir='ltr'><strong><em>dominatur</em></strong></span> <span class='ocrx_word' id='word_1_463' title='bbox 1063 3270 1070 3293; x_wconf 85' lang='lat'><strong><em>,</em></strong></span> <span class='ocrx_word' id='word_1_464' title='bbox 1078 3245 1177 3282; x_wconf 85' lang='lat' dir='ltr'><strong><em>evolare?</em></strong></span> 
     </span>
     <span class='ocr_line' id='line_1_45' title="bbox 143 3316 1227 3378; baseline -0.004 -10"><span class='ocrx_word' id='word_1_465' title='bbox 143 3322 173 3367; x_wconf 83' lang='lat' dir='ltr'><strong><em>nt</em></strong></span> <span class='ocrx_word' id='word_1_466' title='bbox 183 3331 242 3368; x_wconf 85' lang='lat' dir='ltr'><strong><em>vero</em></strong></span> <span class='ocrx_word' id='word_1_467' title='bbox 258 3330 319 3364; x_wconf 90' lang='lat' dir='ltr'><strong><em>caro</em></strong></span> <span class='ocrx_word' id='word_1_468' title='bbox 331 3318 414 3364; x_wconf 79' lang='lat' dir='ltr'><strong><em>nostru</em></strong></span> <span class='ocrx_word' id='word_1_469' title='bbox 425 3330 524 3378; x_wconf 88' lang='lat' dir='ltr'><strong><em>semper</em></strong></span> <span class='ocrx_word' id='word_1_470' title='bbox 540 3320 669 3375; x_wconf 84' lang='lat' dir='ltr'><strong><em>exaestuat,</em></strong></span> <span class='ocrx_word' id='word_1_471' title='bbox 695 3348 705 3375; x_wconf 89' lang='lat'><strong><em>,</em></strong></span> <span class='ocrx_word' id='word_1_472' title='bbox 734 3316 773 3363; x_wconf 76' lang='lat'><strong><em>26.</em></strong></span> <span class='ocrx_word' id='word_1_473' title='bbox 785 3316 971 3375; x_wconf 73' lang='lat' dir='ltr'><strong><em>Aunmoigitur</em></strong></span> <span class='ocrx_word' id='word_1_474' title='bbox 980 3316 1044 3376; x_wconf 86' lang='lat' dir='ltr'><strong><em>quid</em></strong></span> <span class='ocrx_word' id='word_1_475' title='bbox 1058 3316 1153 3363; x_wconf 88' lang='lat' dir='ltr'><strong><em>locutus</em></strong></span> <span class='ocrx_word' id='word_1_476' title='bbox 1163 3316 1227 3364; x_wconf 86' lang='lat' dir='ltr'><strong><em>esset</em></strong></span> 
     </span>
     <span class='ocr_line' id='line_1_46' title="bbox 142 3383 1225 3448; baseline -0.006 -12"><span class='ocrx_word' id='word_1_477' title='bbox 142 3387 299 3448; x_wconf 83' lang='lat' dir='ltr'><strong><em>sibiqueipsa</em></strong></span> <span class='ocrx_word' id='word_1_478' title='bbox 307 3386 439 3445; x_wconf 88' lang='lat' dir='ltr'><strong><em>tempestas</em></strong></span> <span class='ocrx_word' id='word_1_479' title='bbox 447 3388 493 3444; x_wconf 88' lang='lat' dir='ltr'><strong><em>est,</em></strong></span> <span class='ocrx_word' id='word_1_480' title='bbox 502 3397 670 3445; x_wconf 87' lang='lat' dir='ltr'><strong><em>necumquam</em></strong></span> <span class='ocrx_word' id='word_1_481' title='bbox 696 3385 722 3430; x_wconf 92' lang='lat' dir='ltr'><strong><em>in</em></strong></span> <span class='ocrx_word' id='word_1_482' title='bbox 741 3397 770 3432; x_wconf 93' lang='lat' dir='ltr'><strong><em>eo</em></strong></span> <span class='ocrx_word' id='word_1_483' title='bbox 788 3385 865 3444; x_wconf 90' lang='lat' dir='ltr'><strong><em>Deus,</em></strong></span> <span class='ocrx_word' id='word_1_484' title='bbox 887 3385 913 3432; x_wconf 89' lang='lat' dir='ltr'><strong><em>et</em></strong></span> <span class='ocrx_word' id='word_1_485' title='bbox 931 3385 1028 3444; x_wconf 76' lang='lat' dir='ltr'><strong><em>coquito</em></strong></span> <span class='ocrx_word' id='word_1_486' title='bbox 1045 3396 1090 3443; x_wconf 91' lang='lat' dir='ltr'><strong><em>per</em></strong></span> <span class='ocrx_word' id='word_1_487' title='bbox 1107 3383 1225 3443; x_wconf 89' lang='lat' dir='ltr'><strong><em>Spiritum</em></strong></span> 
     </span>
     <span class='ocr_line' id='line_1_47' title="bbox 94 3452 1225 3515; baseline -0.003 -11"><span class='ocrx_word' id='word_1_488' title='bbox 94 3487 96 3492; x_wconf 91' lang='lat'><em>-</em></span> <span class='ocrx_word' id='word_1_489' title='bbox 142 3472 157 3504; x_wconf 85' lang='lat' dir='ltr'><strong><em>a</em></strong></span> <span class='ocrx_word' id='word_1_490' title='bbox 173 3456 280 3504; x_wconf 90' lang='lat' dir='ltr'><strong><em>motibus</em></strong></span> <span class='ocrx_word' id='word_1_491' title='bbox 295 3456 460 3515; x_wconf 87' lang='lat' dir='ltr'><strong><em>procellarum</em></strong></span> <span class='ocrx_word' id='word_1_492' title='bbox 476 3454 670 3514; x_wconf 88' lang='lat' dir='ltr'><strong><em>miserandisque</em></strong></span> <span class='ocrx_word' id='word_1_493' title='bbox 695 3454 806 3500; x_wconf 87' lang='lat' dir='ltr'><strong><em>sanctum</em></strong></span> <span class='ocrx_word' id='word_1_494' title='bbox 818 3453 883 3514; x_wconf 94' lang='lat' dir='ltr'><strong><em>quod</em></strong></span> <span class='ocrx_word' id='word_1_495' title='bbox 897 3452 1173 3500; x_wconf 70' lang='lat' dir='ltr'><strong><em>Filiuslleinonsalum</em></strong></span> <span class='ocrx_word' id='word_1_496' title='bbox 1183 3466 1225 3502; x_wconf 87' lang='lat' dir='ltr'><strong><em>ve·</em></strong></span> 
     </span>
     <span class='ocr_line' id='line_1_48' title="bbox 142 3520 1223 3584; baseline -0.001 -12"><span class='ocrx_word' id='word_1_497' title='bbox 142 3523 276 3584; x_wconf 78' lang='lat' dir='ltr'><strong><em>naufragiis</em></strong></span> <span class='ocrx_word' id='word_1_498' title='bbox 284 3523 398 3571; x_wconf 84' lang='lat' dir='ltr'><strong><em>feriatur..</em></strong></span> <span class='ocrx_word' id='word_1_499' title='bbox 696 3523 762 3568; x_wconf 90' lang='lat' dir='ltr'><strong><em>niret</em></strong></span> <span class='ocrx_word' id='word_1_500' title='bbox 774 3522 800 3569; x_wconf 92' lang='lat' dir='ltr'><strong><em>in</em></strong></span> <span class='ocrx_word' id='word_1_501' title='bbox 816 3523 908 3581; x_wconf 87' lang='lat' dir='ltr'><strong><em>terras,</em></strong></span> <span class='ocrx_word' id='word_1_502' title='bbox 922 3521 966 3568; x_wconf 90' lang='lat' dir='ltr'><strong><em>sed</em></strong></span> <span class='ocrx_word' id='word_1_503' title='bbox 977 3521 1052 3569; x_wconf 88' lang='lat' dir='ltr'><strong><em>etiam</em></strong></span> <span class='ocrx_word' id='word_1_504' title='bbox 1062 3520 1223 3571; x_wconf 85' lang='lat' dir='ltr'><strong><em>descensurus</em></strong></span> 
     </span>
     <span class='ocr_line' id='line_1_49' title="bbox 173 3591 1224 3650; baseline 0.001 -11"><span class='ocrx_word' id='word_1_505' title='bbox 173 3592 212 3639; x_wconf 74' lang='lat' dir='ltr'><strong><em>tlt.</em></strong></span> <span class='ocrx_word' id='word_1_506' title='bbox 224 3595 284 3641; x_wconf 85' lang='lat' dir='ltr'><strong><em>dum</em></strong></span> <span class='ocrx_word' id='word_1_507' title='bbox 301 3595 379 3640; x_wconf 90' lang='lat' dir='ltr'><strong><em>autem</em></strong></span> <span class='ocrx_word' id='word_1_508' title='bbox 395 3593 515 3640; x_wconf 83' lang='lat' dir='ltr'><strong><em>dormierit</em></strong></span> <span class='ocrx_word' id='word_1_509' title='bbox 526 3593 609 3650; x_wconf 84' lang='lat' dir='ltr'><strong><em>homa,</em></strong></span> <span class='ocrx_word' id='word_1_510' title='bbox 622 3605 671 3639; x_wconf 84' lang='lat' dir='ltr'><strong><em>uon</em></strong></span> <span class='ocrx_word' id='word_1_511' title='bbox 696 3592 761 3639; x_wconf 90' lang='lat' dir='ltr'><strong><em>esset</em></strong></span> <span class='ocrx_word' id='word_1_512' title='bbox 771 3592 802 3638; x_wconf 89' lang='lat' dir='ltr'><strong><em>ad</em></strong></span> <span class='ocrx_word' id='word_1_513' title='bbox 813 3591 917 3649; x_wconf 88' lang='lat' dir='ltr'><strong><em>interos,</em></strong></span> <span class='ocrx_word' id='word_1_514' title='bbox 928 3591 958 3637; x_wconf 95' lang='lat' dir='ltr'><strong><em>ut</em></strong></span> <span class='ocrx_word' id='word_1_515' title='bbox 974 3591 1082 3638; x_wconf 89' lang='lat' dir='ltr'><strong><em>mortuas</em></strong></span> <span class='ocrx_word' id='word_1_516' title='bbox 1092 3592 1224 3640; x_wconf 89' lang='lat' dir='ltr'><strong><em>resuscita-</em></strong></span> 
     </span>
     <span class='ocr_line' id='line_1_50' title="bbox 143 3655 1222 3722; baseline 0 -14"><span class='ocrx_word' id='word_1_517' title='bbox 143 3663 241 3722; x_wconf 78' lang='lat' dir='ltr'><strong><em>rcsurqit</em></strong></span> <span class='ocrx_word' id='word_1_518' title='bbox 252 3661 388 3721; x_wconf 86' lang='lat' dir='ltr'><strong><em>usquedum</em></strong></span> <span class='ocrx_word' id='word_1_519' title='bbox 398 3662 479 3709; x_wconf 88' lang='lat' dir='ltr'><strong><em>caetum</em></strong></span> <span class='ocrx_word' id='word_1_520' title='bbox 489 3674 538 3708; x_wconf 81' lang='lat' dir='ltr'><strong><em>aaa</em></strong></span> <span class='ocrx_word' id='word_1_521' title='bbox 547 3663 670 3709; x_wconf 85' lang='lat' dir='ltr'><strong><em>adsuatur.</em></strong></span> <span class='ocrx_word' id='word_1_522' title='bbox 695 3660 735 3707; x_wconf 89' lang='lat' dir='ltr'><strong><em>ret</em></strong></span> <span class='ocrx_word' id='word_1_523' title='bbox 753 3655 833 3721; x_wconf 88' lang='lat' dir='ltr'><strong><em>(quod</em></strong></span> <span class='ocrx_word' id='word_1_524' title='bbox 850 3659 908 3708; x_wconf 88' lang='lat' dir='ltr'><strong><em>tuuc</em></strong></span> <span class='ocrx_word' id='word_1_525' title='bbox 927 3658 1028 3718; x_wconf 89' lang='lat' dir='ltr'><strong><em>quidem</em></strong></span> <span class='ocrx_word' id='word_1_526' title='bbox 1045 3657 1137 3707; x_wconf 86' lang='lat' dir='ltr'><strong><em>tactum</em></strong></span> <span class='ocrx_word' id='word_1_527' title='bbox 1147 3661 1184 3708; x_wconf 90' lang='lat' dir='ltr'><strong><em>est</em></strong></span> <span class='ocrx_word' id='word_1_528' title='bbox 1194 3662 1222 3708; x_wconf 92' lang='lat' dir='ltr'><strong><em>ad</em></strong></span> 
     </span>
     <span class='ocr_line' id='line_1_51' title="bbox 143 3727 1222 3791; baseline -0.002 -14"><span class='ocrx_word' id='word_1_529' title='bbox 143 3731 211 3787; x_wconf 77' lang='lat' dir='ltr'><strong><em>Quod</em></strong></span> <span class='ocrx_word' id='word_1_530' title='bbox 222 3730 320 3778; x_wconf 83' lang='lat' dir='ltr'><strong><em>videtur</em></strong></span> <span class='ocrx_word' id='word_1_531' title='bbox 330 3729 469 3789; x_wconf 86' lang='lat' dir='ltr'><strong><em>declarare,</em></strong></span> <span class='ocrx_word' id='word_1_532' title='bbox 487 3729 564 3777; x_wconf 88' lang='lat' dir='ltr'><strong><em>donec</em></strong></span> <span class='ocrx_word' id='word_1_533' title='bbox 581 3730 671 3776; x_wconf 90' lang='lat' dir='ltr'><strong><em>coelum</em></strong></span> <span class='ocrx_word' id='word_1_534' title='bbox 696 3729 864 3776; x_wconf 88' lang='lat' dir='ltr'><strong><em>testimonium</em></strong></span> <span class='ocrx_word' id='word_1_535' title='bbox 872 3727 1039 3788; x_wconf 86' lang='lat' dir='ltr'><strong><em>praesentium,</em></strong></span> <span class='ocrx_word' id='word_1_536' title='bbox 1049 3728 1074 3776; x_wconf 90' lang='lat' dir='ltr'><strong><em>et</em></strong></span> <span class='ocrx_word' id='word_1_537' title='bbox 1082 3729 1222 3791; x_wconf 84' lang='lat' dir='ltr'><strong><em>exemplum</em></strong></span> 
     </span>
     <span class='ocr_line' id='line_1_52' title="bbox 144 3793 1221 3858; baseline -0.004 -14"><span class='ocrx_word' id='word_1_538' title='bbox 144 3799 262 3858; x_wconf 80' lang='lat' dir='ltr'><strong><em>novetur3</em></strong></span> <span class='ocrx_word' id='word_1_539' title='bbox 282 3798 330 3846; x_wconf 90' lang='lat' dir='ltr'><strong><em>erit</em></strong></span> <span class='ocrx_word' id='word_1_540' title='bbox 349 3799 415 3846; x_wconf 88' lang='lat' dir='ltr'><strong><em>enim</em></strong></span> <span class='ocrx_word' id='word_1_541' title='bbox 432 3799 522 3847; x_wconf 89' lang='lat' dir='ltr'><strong><em>coelum</em></strong></span> <span class='ocrx_word' id='word_1_542' title='bbox 539 3809 630 3845; x_wconf 81' lang='lat' dir='ltr'><strong><em>aravum</em></strong></span> <span class='ocrx_word' id='word_1_543' title='bbox 645 3798 671 3844; x_wconf 89' lang='lat' dir='ltr'><strong><em>et</em></strong></span> <span class='ocrx_word' id='word_1_544' title='bbox 695 3793 848 3858; x_wconf 83' lang='lat' dir='ltr'><strong><em>futurorum)</em></strong></span> <span class='ocrx_word' id='word_1_545' title='bbox 859 3808 989 3844; x_wconf 84' lang='lat' dir='ltr'><strong><em>conversus</em></strong></span> <span class='ocrx_word' id='word_1_546' title='bbox 997 3796 1028 3844; x_wconf 91' lang='lat' dir='ltr'><strong><em>ad</em></strong></span> <span class='ocrx_word' id='word_1_547' title='bbox 1036 3797 1167 3844; x_wconf 90' lang='lat' dir='ltr'><strong><em>Dominum</em></strong></span> <span class='ocrx_word' id='word_1_548' title='bbox 1176 3796 1221 3842; x_wconf 88' lang='lat' dir='ltr'><strong><em>ait:</em></strong></span> 
     </span>
     <span class='ocr_line' id='line_1_53' title="bbox 143 3862 1219 3931; baseline -0.005 -18"><span class='ocrx_word' id='word_1_549' title='bbox 143 3871 208 3913; x_wconf 86' lang='lat' dir='ltr'><strong><em>terra</em></strong></span> <span class='ocrx_word' id='word_1_550' title='bbox 231 3880 307 3927; x_wconf 79' lang='lat' dir='ltr'><strong><em>riusa,</em></strong></span> <span class='ocrx_word' id='word_1_551' title='bbox 325 3867 389 3916; x_wconf 91' lang='lat' dir='ltr'><strong><em>sicut</em></strong></span> <span class='ocrx_word' id='word_1_552' title='bbox 406 3868 526 3928; x_wconf 88' lang='lat' dir='ltr'><strong><em>scriptum</em></strong></span> <span class='ocrx_word' id='word_1_553' title='bbox 545 3867 592 3914; x_wconf 86' lang='lat' dir='ltr'><strong><em>est.</em></strong></span> <span class='ocrx_word' id='word_1_554' title='bbox 610 3866 670 3912; x_wconf 83' lang='lat' dir='ltr'><strong><em>llam</em></strong></span> <span class='ocrx_word' id='word_1_555' title='bbox 697 3866 792 3931; x_wconf 78' lang='lat' dir='ltr'><strong><em>Utinam</em></strong></span> <span class='ocrx_word' id='word_1_556' title='bbox 809 3867 834 3913; x_wconf 82' lang='lat' dir='ltr'><strong><em>ta</em></strong></span> <span class='ocrx_word' id='word_1_557' title='bbox 851 3866 942 3925; x_wconf 75' lang='lat' dir='ltr'><strong><em>iuterna</em></strong></span> <span class='ocrx_word' id='word_1_558' title='bbox 952 3879 988 3913; x_wconf 91' lang='lat' dir='ltr'><strong><em>me</em></strong></span> <span class='ocrx_word' id='word_1_559' title='bbox 998 3877 1157 3918; x_wconf 80' lang='lat' dir='ltr'><strong><em>conservares,</em></strong></span> <span class='ocrx_word' id='word_1_560' title='bbox 1169 3862 1219 3910; x_wconf 83' lang='lat' dir='ltr'><strong><em>obs-</em></strong></span> 
     </span>
     <span class='ocr_line' id='line_1_54' title="bbox 143 3932 1222 4001; baseline -0.003 -22"><span class='ocrx_word' id='word_1_561' title='bbox 143 3935 207 3993; x_wconf 87' lang='lat' dir='ltr'><strong><em>quad</em></strong></span> <span class='ocrx_word' id='word_1_562' title='bbox 218 3936 340 3992; x_wconf 86' lang='lat' dir='ltr'><strong><em>adsuitur,</em></strong></span> <span class='ocrx_word' id='word_1_563' title='bbox 353 3937 425 3984; x_wconf 85' lang='lat' dir='ltr'><strong><em>vetus</em></strong></span> <span class='ocrx_word' id='word_1_564' title='bbox 436 3937 472 3984; x_wconf 90' lang='lat' dir='ltr'><strong><em>est</em></strong></span> <span class='ocrx_word' id='word_1_565' title='bbox 489 3935 573 4001; x_wconf 80' lang='lat' dir='ltr'><strong><em>:quod</em></strong></span> <span class='ocrx_word' id='word_1_566' title='bbox 584 3936 669 3995; x_wconf 82' lang='lat' dir='ltr'><strong><em>vetars,</em></strong></span> <span class='ocrx_word' id='word_1_567' title='bbox 695 3937 802 3983; x_wconf 80' lang='lat' dir='ltr'><strong><em>corde-es</em></strong></span> <span class='ocrx_word' id='word_1_568' title='bbox 820 3937 898 3983; x_wconf 91' lang='lat' dir='ltr'><strong><em>autem</em></strong></span> <span class='ocrx_word' id='word_1_569' title='bbox 915 3938 976 3993; x_wconf 83' lang='lat' dir='ltr'><strong><em>me,</em></strong></span> <span class='ocrx_word' id='word_1_570' title='bbox 986 3937 1055 3982; x_wconf 88' lang='lat' dir='ltr'><strong><em>dauec</em></strong></span> <span class='ocrx_word' id='word_1_571' title='bbox 1075 3932 1164 3978; x_wconf 68' lang='lat' dir='ltr'><strong><em>manat</em></strong></span> <span class='ocrx_word' id='word_1_572' title='bbox 1184 3932 1222 3977; x_wconf 85' lang='lat' dir='ltr'><strong><em>tra</em></strong></span> 
     </span>
     <span class='ocr_line' id='line_1_55' title="bbox 144 4002 1220 4064; baseline -0.007 -12"><span class='ocrx_word' id='word_1_573' title='bbox 144 4005 284 4052; x_wconf 83' lang='lat' dir='ltr'><strong><em>mutabitur.</em></strong></span> <span class='ocrx_word' id='word_1_574' title='bbox 297 4005 408 4064; x_wconf 81' lang='lat' dir='ltr'><strong><em>Denique</em></strong></span> <span class='ocrx_word' id='word_1_575' title='bbox 426 4004 482 4052; x_wconf 86' lang='lat' dir='ltr'><strong><em>audi</em></strong></span> <span class='ocrx_word' id='word_1_576' title='bbox 495 4005 572 4052; x_wconf 84' lang='lat' dir='ltr'><strong><em>David</em></strong></span> <span class='ocrx_word' id='word_1_577' title='bbox 584 4004 669 4053; x_wconf 89' lang='lat' dir='ltr'><strong><em>dicen·</em></strong></span> <span class='ocrx_word' id='word_1_578' title='bbox 696 4007 750 4064; x_wconf 89' lang='lat' dir='ltr'><strong><em>tua,</em></strong></span> <span class='ocrx_word' id='word_1_579' title='bbox 762 4008 784 4053; x_wconf 92' lang='lat' dir='ltr'><strong><em>el</em></strong></span> <span class='ocrx_word' id='word_1_580' title='bbox 802 4007 891 4054; x_wconf 87' lang='lat' dir='ltr'><strong><em>statuas</em></strong></span> <span class='ocrx_word' id='word_1_581' title='bbox 908 4005 966 4052; x_wconf 83' lang='lat' dir='ltr'><strong><em>midi</em></strong></span> <span class='ocrx_word' id='word_1_582' title='bbox 977 4006 1063 4061; x_wconf 81' lang='lat' dir='ltr'><strong><em>tempus</em></strong></span> <span class='ocrx_word' id='word_1_583' title='bbox 1078 4002 1102 4045; x_wconf 88' lang='lat' dir='ltr'><strong><em>ia</em></strong></span> <span class='ocrx_word' id='word_1_584' title='bbox 1119 4011 1164 4057; x_wconf 90' lang='lat' dir='ltr'><strong><em>quo</em></strong></span> <span class='ocrx_word' id='word_1_585' title='bbox 1174 4011 1220 4044; x_wconf 83' lang='lat' dir='ltr'><strong><em>rac·</em></strong></span> 
     </span>
    </p>
   </div>
   <div class='ocr_carea' id='block_1_8' title="bbox 0 0 1380 4806">
    <p class='ocr_par' dir='ltr' id='par_1_9' title="bbox 0 0 1380 4806">
     <span class='ocr_line' id='line_1_56' title="bbox 0 0 1380 4806; baseline 0 2"><span class='ocrx_word' id='word_1_586' title='bbox 0 0 1380 4806; x_wconf 95' lang='lat' dir='ltr'><strong><em> </em></strong></span> 
     </span>
    </p>
   </div>
  </div>
 </body>
</html>
