2752 4800
524 392 652 437 SANCTl
673 391 843 437 ananosit

141 535 1218 581 vm

425 665 599 735 intona
631 637 937 736 snounnus

487 830 528 870 DE
543 828 644 869 OPERE
660 828 790 869 secono!
805 829 880 870 blut.

327 945 456 999 CAPUT
467 945 493 996 Ι.
698 925 1227 1023 venitmateriam,inqnapossotoperar'it

142 1050 673 1108 tipenbmpnmtnessrnmmrecensamreae-
698 1012 803 1091 .⁰⁰¹¹t¹¹¹3‘
818 1012 901 1060 ΜΘΗ]
919 1012 1229 1094 ᾗψθωῑῳωᾱθῗοῖθω

164 1113 231 1156 tisnue
246 1114 270 1150 iis
283 1113 322 1160 qui
339 1111 423 1149 mundo
438 1111 552 1149 materiam
568 1112 671 1146 aeternam
698 1081 888 1128 mventmebus
899 1081 1006 1128 afferret·
1018 1082 1087 1129 Unde
1096 1095 1229 1142 θΧθΨΙθΠ·

164 1167 389 1214 afilngebant,transit
401 1165 428 1202 ad
442 1164 563 1203 secundum
571 1163 628 1200 diem
638 1174 643 1208 ;
652 1166 672 1200 et
698 1149 743 1196 dus
757 1148 879 1197 acaeleris
889 1148 1007 1207 tanquam
1022 1150 1075 1197 dies
1085 1163 1165 1210 illitis,
1176 1164 1235 1204 non.

165 1219 188 1256 in
196 1230 274 1256 rernm
283 1221 390 1256 creatione
400 1229 442 1256 non
452 1212 538 1255 naturae
546 1217 672 1264 possibilita-
698 1215 861 1262 conferendus
872 1227 929 1262 cum
941 1216 1036 1264 caeteris
1046 1216 1164 1276 tanquam
1173 1219 1230 1268 dies

162 1275 224 1317 tem,
239 1272 275 1311 sed
283 1273 398 1320 potentiam
412 1271 452 1309 Dei
461 1266 595 1318 spectandam
605 1265 672 1308 docet.
698 1282 791 1342 primus
814 1284 864 1342 est,
889 1296 938 1343 quo
963 1284 1122 1333 fundamenta
1142 1299 1228 1336 mum

333 1347 427 1389 sunnio
439 1348 482 1387 111.
697 1350 807 1398 omniurn
824 1349 920 1411 posita,
938 1354 964 1400 et
982 1366 1061 1401 causac
1076 1367 1129 1402 esse
1144 1368 1229 1416 coepe-

173 1425 197 1472 i.
208 1426 278 1472 liram
293 1424 414 1484 primum,
425 1423 466 1471 vel
482 1423 565 1482 potius
579 1435 672 1482 unum,
697 1421 771 1480 runt,
784 1422 874 1480 quibus
886 1423 972 1469 mundi
991 1423 1066 1481 hujus
1080 1423 1155 1484 atque
1169 1427 1229 1474 uni-

142 1495 240 1541 maneat
251 1493 319 1540 onim
328 1493 352 1540 ei
361 1492 500 1552 prophetici
511 1491 672 1551 praerogativa
698 1501 774 1536 versae
788 1489 896 1538 visibilis
909 1492 1028 1540 creatura
1039 1491 1102 1541 fulta
1113 1495 1229 1543 substan»

55 1565 61 1572 “
142 1564 276 1621 sermonis,
287 1562 315 1608 nt
322 1562 463 1621 potuimus,
473 1560 636 1620 absolvimus3
646 1561 672 1608 in
698 1558 732 1603 tia
743 1557 789 1606 est.
804 1559 884 1617 Quare
903 1559 934 1606 ad
955 1561 1058 1608 secundi
1076 1562 1129 1610 diei
1146 1563 1229 1610 admi-

142 1645 191 1692 quo
203 1631 327 1680 conditum
339 1631 444 1689 coelum,
454 1628 546 1678 terram
554 1631 672 1689 creatam,
697 1627 773 1674 randa
783 1639 857 1686 opera
868 1640 948 1675 sermo
958 1629 1030 1677 nobis
1039 1631 1156 1691 prodeat,
1166 1645 1229 1692 quo-

141 1714 260 1761 aquarum
275 1699 471 1757 exundantiam,
494 1697 672 1746 circumfusum
697 1707 752 1741 rum
763 1696 899 1744 eminentia
908 1709 957 1744 non
967 1699 1102 1747 secundum
1111 1701 1230 1751 tractatus

142 1767 514 1828 aerem,discretionemiactam
526 1766 672 1828 lucisatquc
698 1763 774 1810 noslri
792 1764 982 1825 possibilitatem
1000 1780 1008 1813 a
1030 1768 1074 1815 sed
1091 1770 1229 1819 secundnm

141 1838 302 1885 tenebrarum
320 1837 367 1884 bei
381 1835 571 1897 omnipotentis,
587 1837 613 1884 et
628 1837 672 1884 do·
697 1832 827 1892 Scriptoris
837 1833 985 1894 veritatem,
1003 1835 1035 1883 ad
1049 1836 1150 1885 laudem
1161 1838 1247 1889 reio,

141 1905 204 1952 mini
226 1906 287 1953 lesu
310 1904 413 1964 Christi,
439 1903 546 1964 Spiritus
574 1917 671 1964 quoque
697 1902 773 1949 reuda
785 1902 822 1950 cst
833 1903 958 1951 creatoris.

142 1972 221 2021 sancti
247 1972 390 2033 operatione
414 1972 583 2030 cognorimus.
611 1972 672 2031 Quis
726 1972 749 2019 5.
762 1973 811 2019 Vos
829 1972 903 2032 igitur
918 1986 1016 2034 quaeso,
1035 1973 1063 2022 ut
1079 1975 1229 2025 naturaliter

142 2055 201 2103 crgo
209 2055 259 2091 non
266 2042 373 2089 miretur
383 2041 546 2090 dissimilibus
554 2043 672 2090 membris
697 2041 834 2100 aestimare,
851 2054 906 2102 qnae
926 2042 1032 2090 dicimus
1048 2044 1227 2103 probabiliter,

141 2108 266 2171 disparem
276 2112 396 2158 mundum
412 2110 437 2157 in
447 2123 535 2170 corpus
545 2124 623 2158 unum
634 2125 673 2158 as-
697 2122 726 2157 ac
747 2111 855 2170 simplici
876 2112 959 2160 mente
979 2113 1004 2160 et
1022 2113 1108 2161 sedulo
1127 2110 1228 2174 ingenio

141 2192 255 2240 surgere,
263 2181 289 2227 ct
299 2180 424 2227 insolubili
436 2180 572 2226 concordiae
583 2179 672 2228 carita-
697 2191 800 2238 pensare
810 2178 958 2240 dignemini,
967 2193 1017 2228 non
1028 2182 1164 2230 secundum
1173 2183 1229 2244 plli-

141 2249 223 2309 tisqne
235 2251 290 2309 lege
302 2249 328 2296 in
341 2249 486 2297 societatem
499 2250 525 2296 ct
535 2250 672 2297 connexio-
697 2248 813 2307 losophiae
824 2249 982 2309 traditiones,
993 2252 1019 2298 et
1032 2251 1132 2298 inanem
1141 2251 1229 2300 seduc·

141 2331 198 2366 irem
215 2319 253 2366 sui
272 2321 322 2367 tam
342 2316 460 2367 distantia
477 2317 626 2377 convenire,
644 2322 672 2367 ut
697 2316 789 2364 tionem
798 2319 908 2366 suasoria
916 2320 1227 2382 verisimiliacolligenteat

119 2428 121 2432 .
140 2401 195 2449 quae
211 2388 317 2436 discreta
332 2390 419 2436 natura
434 2388 507 2446 sunt,
524 2388 551 2434 in
567 2386 672 2435 unitatis
697 2385 740 2432 sed
755 2387 892 2434 secundum
907 2389 1018 2448 regulam
1029 2389 1156 2450 veritatis,
1172 2404 1228 2451 quas

142 2456 167 2503 ot
178 2457 246 2515 pacis
253 2457 380 2504 vinculum
392 2457 460 2504 velut
468 2456 596 2504 individua
605 2469 672 2505 com·
697 2455 801 2503 oraculis
812 2457 890 2504 divini
902 2456 1023 2505 sermonis
1031 2458 1191 2518 exprimitur,
1201 2463 1228 2509 ct

141 2524 254 2582 pactione
269 2524 416 2572 nectantur?
431 2526 480 2572 Ant
497 2525 554 2583 quis
569 2526 621 2572 haec
632 2527 672 2574 vi·
697 2525 902 2585 contemplatione
923 2527 998 2575 tanta
1015 2528 1151 2586 majestatis
1166 2530 1227 2578 fide·

142 2589 216 2650 dens,
238 2593 428 2651 possibilitatem
451 2591 553 2639 rationis
574 2592 672 2640 infirmo
696 2593 758 2640 lium
768 2596 910 2653 pectoribus
920 2594 1074 2657 infunditur,
1086 2597 1228 2659 qniascrip·

142 2659 240 2719 ingemo
248 2661 520 2718 rimeturiQuaeomnia
527 2661 566 2708 vis
576 2660 671 2721 diviua,
696 2661 749 2706 lum
770 2663 825 2710 est:
839 2665 959 2722 Confimm
975 2679 1012 2713 mc
1033 2668 1058 2712 in
1076 2666 1152 2714 nabis
1171 2670 1226 2718 tub.

140 2728 522 2788 incomprehensibilisbumauis
533 2730 671 2791 mentibus,
696 2733 860 2781 Narroocraat
874 2734 933 2780 mibi
946 2735 1027 2792 iniusti
1036 2737 1227 2797 exercitationes,

142 2799 167 2845 ot
176 2798 308 2847 ineffabilis
316 2799 469 2847 sermonibus
477 2799 576 2860 nostris,
584 2801 672 2848 volun·
695 2803 868 2850 sed-nonnoni
885 2804 923 2849 lea
942 2805 992 2862 ino,
1003 2798 1102 2851 Domine
1118 2817 1127 2850 .·
1142 2809 1227 2854 omnin

141 2869 199 2917 tatis
209 2882 259 2918 suae
274 2869 422 2918 auctoritate
433 2870 577 2917 conteruit.
694 2874 810 2929 proeceptn
829 2873 871 2918 tnn
885 2873 981 2918 veritos
992 2872 1045 2918 Non
1064 2883 1121 2930 ergo
1136 2884 1227 2922 sccun-

171 2939 195 2986 2.
211 2940 280 2988 Fecit
298 2940 375 2999 igitur
394 2940 461 2986 Deus
476 2939 566 2985 coelum
579 2939 605 2986 et
621 2938 672 2986 ter·
696 2938 755 2983 dum
766 2938 1071 3002 elementorumnaturas,
1083 2940 1127 2988 sed
1137 2953 1228 2989 secun—

141 3019 208 3066 ram‚
219 3006 246 3053 et
258 3019 287 3053 ea
297 3008 367 3066 quasi
378 3008 463 3054 auctor
475 3019 528 3053 esse
538 3007 670 3066 pracepit,
696 3006 755 3052 dum
769 3005 906 3066 Christum,
924 3008 967 3067 qui
978 3008 1060 3055 omnia
1077 3023 1131 3068 quos
1146 3011 1228 3059 voluit

140 3088 191 3122 non
213 3076 340 3135 tamquam
364 3076 449 3135 figurae
471 3076 599 3136 inventor,
628 3077 672 3124 sed
696 3075 911 3136 iecit‚abundans
919 3078 1076 3137 plenitudine
1087 3079 1227 3129 divinitatis

141 3145 257 3203 tanquam
276 3144 389 3203 operator
409 3145 511 3191 natura.
532 3146 594 3191 Nam
611 3159 672 3205 quo-
695 3159 760 3206 suae,
777 3147 962 3195 consideremus
978 3162 1032 3209 quae
1043 3148 1190 3210 factasunt,
1201 3152 1226 3198 ct

140 3213 213 3260 modo
228 3212 277 3260 sibi
298 3211 450 3260 conveniunt
468 3213 607 3272 operatoria
624 3215 672 3260 im·
695 3216 788 3263 naturae
817 3217 1007 3276 possibilitatem
1035 3219 1225 3277 interrogemus.

141 3282 265 3343 passibilis
275 3281 321 3329 Dei
329 3280 412 3328 virtus
422 3282 447 3329 et
457 3282 583 3342 passibilis
591 3283 672 3330 mate·
694 3286 778 3346 Neque
790 3285 857 3333 enim
870 3298 926 3332 curn
937 3285 964 3332 in
974 3287 1106 3346 Evangelio
1117 3288 1227 3359 leprosos

141 3352 185 3400 rioe
202 3350 302 3410 natura,
314 3352 431 3409 tanquam
446 3351 524 3398 altera
537 3351 568 3398 ab
580 3352 670 3414 altera,
696 3356 884 3414 curaret,coecis
893 3356 974 3404 visum
984 3356 1227 3416 retunderet,popu-

141 3433 190 3480 quo
213 3419 382 3480 indiguerint,
397 3419 556 3468 mutuantes?
572 3422 633 3468 Nam
650 3424 671 3470 si
695 3425 733 3471 lus
744 3422 788 3484 qui
804 3425 889 3472 aderat
900 3426 926 3473 ct
936 3425 1065 3486 spectabat
1076 3425 1134 3484 illa,
1145 3425 1227 3472 medi-

140 3489 252 3538 iacreata
277 3489 403 3548 materia,
418 3489 520 3538 videtur
543 3503 601 3549 ergo
620 3492 671 3538 Deo
695 3493 757 3541 cinae
768 3491 880 3540 ordinem
890 3495 1033 3554 recognovit
1045 3507 1051 3539 :
1063 3493 1107 3540 sed
1117 3488 1227 3552 potesta-

141 3558 254 3624 creandae
271 3558 380 3618 potestas
390 3560 501 3608 materia
513 3559 635 3620 defuisse,
646 3562 672 3609 et
695 3563 746 3610 tem
755 3562 854 3609 Domini
862 3563 980 3621 miratus,
991 3565 1060 3619 dedit,
1070 3563 1226 3621 utscriplum

141 3623 172 3670 ab
183 3636 213 3671 ea
230 3627 367 3684 operationi
377 3629 531 3686 subjacentia
548 3629 669 3678 mutuata.
696 3631 747 3691 est,
758 3635 808 3680 Deo
819 3633 919 3678 tandein.
930 3633 1014 3690 Neque
1032 3631 1168 3678 secundum
1179 3645 1227 3680 nu-

141 3690 167 3738 st
177 3703 236 3738 vero
246 3694 420 3754 incomposita,
431 3698 523 3745 mirum
539 3699 671 3746 admodum
695 3699 952 3758 merosAEgyptiorum
969 3697 996 3744 et
1014 3710 1146 3745 concursus
1161 3701 1227 3749 side-

74 3760 77 3765 '
141 3761 288 3808 contentam
296 3763 348 3808 Deo
358 3765 488 3812 materiam
498 3765 611 3814 decorem
623 3769 670 3816 sibi
695 3781 764 3826 rum,
773 3778 899 3814 mensuras
909 3766 1086 3813 elementorum
1095 3799 1102 3824 ,
1111 3768 1227 3817 extendit

59 3884 60 3887 g
142 3831 671 3893 nonpotuisseconterre‚quaesubstantiarn
695 3849 796 3883 manum
816 3846 884 3881 suam
900 3836 1007 3895 Moyses,
1023 3834 1052 3882 ut
1070 3835 1226 3886 divideretur

142 3900 671 3961 nonacreatoreacceporit,sedsinetom-
695 3916 762 3951 mare
784 3903 909 3962 Rubrum,
930 3904 975 3951 scd
999 3903 1093 3952 divinae
1119 3905 1225 3966 imperio

142 3983 202 4030 porc
212 3970 265 4032 ipsa
275 3970 420 4030 possederit.
433 3972 557 4032 Plusergo
573 3973 671 4021 invenit
695 3972 823 4033 potcstatis
840 3972 1020 4033 obtemperans.
1037 3975 1106 4023 Unde
1126 3977 1151 4023 et
1172 3977 1241 4036 ipsc'

143 4044 257 4102 operator
272 4040 397 4100 omnium,
413 4053 486 4099 otram
505 4041 616 4089 contulit.
630 4043 669 4089 tn·
696 4043 748 4088 ait:
761 4045 1226 4106 iscalmnmonustambomineglorifi-
