2752 4806
155 365 205 417 250
535 366 664 413 sabell
681 365 853 413 Allssnosn

151 453 181 501 ot
196 450 236 499 eui
248 448 370 498 mundana
393 447 532 496 moriuntur
546 448 680 508 (quoniam
735 448 774 494 35.
791 447 821 494 itt
832 443 907 503 bodio
916 444 937 491 si
945 456 998 505 qna
1008 445 1166 501 eumauirua
1176 444 1237 493 mi·

154 519 304 578 emeiligltur
312 518 336 564 ei
346 518 468 578 muudus,
476 519 562 577 etipse
571 514 679 579 mundo)
704 513 758 561 tun
768 515 891 574 requirat,
900 513 1006 561 mutum
1015 512 1162 562 merebitur
1169 513 1237 561 mm·

153 586 681 646 omniaquesmitsubsslerelupitetcou·
705 580 1236 641 ricordiuzquoniamqulmultumraquirit,

152 656 251 703 temnit.
705 652 839 712 plurimum
846 651 952 698 debstm
960 649 1236 710 eisiquaerzosnin

184 722 223 769 29.
233 723 271 769 lle
281 722 392 783 mysticis
401 735 497 784 quoquo
509 723 544 770 ait
555 736 562 769 r
572 723 681 771 Introduc
705 735 763 770 euru
771 722 903 770 studiosius
917 722 1022 782 querat,
1030 721 1106 779 imiza
1115 719 1188 768 audit
1196 732 1236 769 re-

152 801 191 837 sne
199 792 225 836 in
234 791 329 838 domem
342 793 404 848 eiiii,
415 790 526 840 constitue
536 793 562 838 es
571 805 608 838 me
618 795 681 838 eurt-
704 805 759 840 cem
768 793 838 850 ains:
850 791 876 839 et
886 789 998 850 quamvls
1007 790 1040 838 ab
1051 790 1110 837 aliis
1120 789 1236 848 resultat

152 859 234 905 totese.
245 859 341 906 Etenim
352 861 417 908 sieut
424 861 524 908 vineam
533 872 602 908 snam
610 859 680 916 ritis,
705 874 755 920 prae
765 861 826 920 ipsis
836 873 850 907 a
860 860 949 919 mribus
958 859 1062 919 quaerlt,
1071 857 1145 908 audit
1153 869 1236 907 rm
1278 884 1283 891 ·

152 925 188 971 itu
196 925 314 975 Dominus
324 929 395 975 iesus
404 929 521 988 populum
529 940 601 976 suurn
612 927 680 988 quasi
704 927 767 984 elus.
775 928 851 977 Videt
859 942 915 977 eum
924 926 1056 976 salientem
1065 927 1134 975 adse
1142 925 1234 985 mulie,

153 991 212 1040 vitis
226 995 319 1040 aeterna
334 993 479 1054 quibmdaur
495 995 603 1044 brachiis
618 995 682 1043 eari-
707 997 731 1044 id
744 998 794 1056 est,
806 996 979 1056 properantem
990 996 1066 1056 alque
1081 995 1243 1053 currentem,-

153 1060 212 1107 tatis
219 1062 387 1121 amplectitur.
706 1067 731 1114 et
745 1065 925 1116 tremilientem
935 1077 978 1113 eos
992 1065 1037 1125 qui
1054 1064 1157 1112 infirmo
1165 1062 1234 1112 corde

184 1130 224 1177 50.
239 1133 371 1181 Considera
388 1135 493 1194 singula.
505 1135 534 1181 lu
549 1135 682 1183 moralibus
706 1135 825 1183 virtutem
843 1135 897 1192 ejus
908 1144 996 1193 capere
1006 1145 1058 1180 non
1068 1131 1234 1193 possuntsde·

153 1197 200 1245 llos
216 1200 266 1260 est,
282 1203 308 1250 et
324 1203 391 1250 lutor
408 1203 490 1263 spinas
505 1203 602 1263 lilium,
618 1203 683 1249 sieut
705 1201 1233 1264 utqueprospiciememperaerdematapro-

154 1267 208 1324 ipse.
218 1268 254 1315 ait
269 1281 277 1315 e
290 1272 338 1330 Eoo
355 1273 400 1329 nos
410 1273 501 1330 compi,
511 1273 533 1318 et
544 1271 682 1318 Hbameon·
706 1273 850 1332 plectrum,
877 1271 981 1333 legendo
1007 1283 1052 1319 eos
1078 1271 1106 1319 et
1131 1269 1234 1318 tenendo

153 1335 258 1382 esitium.
274 1337 303 1383 lu
318 1339 451 1385 moralibus
467 1350 524 1398 ergo
541 1339 586 1386 dos
596 1341 642 1386 est
655 1338 682 1384 ln
707 1354 790 1388 eorum
804 1340 1006 1389 semionesridet
1016 1351 1076 1388 eum
1086 1338 1233 1400 prospieien-

154 1404 308 1452 naturalibus
317 1408 353 1452 sol
369 1407 484 1463 justitiae,
501 1407 545 1465 qui
564 1407 646 1453 oriens
657 1406 683 1453 et
706 1412 771 1469 tem,
781 1411 825 1458 sed
834 1411 904 1470 quasi
914 1422 960 1470 per
973 1408 1126 1468 fenestram,
1136 1407 1232 1455 nonad-

91 1474 94 1481 '
154 1484 286 1532 resurgens
303 1475 442 1533 illuminat,
460 1473 574 1522 occidens
595 1476 682 1522 obum·
706 1476 1233 1538 nucquasrpraesentem.videteuiusrtu

156 1538 220 1588 brat.
232 1544 295 1590 cave
309 1555 341 1591 ne
353 1544 400 1591 tibi
411 1544 521 1603 occidat,
531 1544 591 1603 quia
603 1544 683 1603 scrip·
706 1559 782 1606 super
798 1547 870 1595 retia.
889 1545 956 1605 Quid
973 1545 1092 1604 estnec,
1109 1543 1161 1591 uisi
1177 1540 1232 1589 ione
1253 1586 1255 1590 .

154 1611 208 1656 tum
219 1611 274 1659 est:
286 1613 325 1660 sol
341 1625 389 1660 non
407 1615 575 1672 oecidotsuper
585 1614 683 1660 trocon-
706 1616 764 1675 quia
772 1616 814 1662 illa
822 1615 884 1662 retia
891 1614 963 1661 nobis
970 1613 1043 1670 sunt,
1051 1625 1103 1659 uon
1110 1609 1233 1659 illnlistis

154 1680 219 1726 diam
234 1683 344 1729 oestrum.
356 1683 383 1728 ln
400 1681 511 1741 mysticis
526 1681 615 1728 caritas
631 1681 681 1740 est,
708 1686 777 1745 sunt,
789 1684 895 1744 eoquod
912 1683 995 1730 adhue
1012 1683 1058 1729 illa
1075 1682 1161 1728 anima
1174 1680 1233 1727 uua

154 1748 213 1805 quia
228 1749 356 1808 plenitudo
377 1751 438 1810 legis
457 1751 495 1797 est
516 1749 634 1798 Christus.
653 1751 682 1797 lit
706 1754 833 1801 sensibilia
841 1754 867 1801 et
875 1753 1000 1800 mundana
1008 1751 1121 1812 sit,qum
1129 1748 1232 1797 merten

153 1814 388 1878 ldeoEcelesisquae
396 1818 682 1879 diligitcmistumflul-
706 1815 1233 1882 bominiscapere,etquodamsluuproprio

155 1885 240 1932 nerata
251 1886 288 1932 est
299 1887 411 1934 caritate.
706 1893 888 1940 consueverunt
896 1890 1125 1939 involvere-Posito
1132 1883 1233 1948 moad·

185 1954 682 2015 5l.llancitaquecaritatemsusoitat‚et
707 1954 1232 2020 liuelnsaecularibus,sedtamenquarenii

154 2024 297 2083 resuscitat,
312 2023 390 2072 donec
401 2037 486 2072 rocem
498 2026 552 2082 eius
562 2025 681 2085 accipiat,
707 2044 764 2078 eum
772 2044 817 2090 per
826 2031 889 2078 retis
897 2042 923 2077 se
933 2027 1051 2076 ostendit.
1252 2039 1254 2042 ⁴

154 2090 182 2139 et
188 2094 343 2151 praesentiam
354 2094 407 2153 ejus
414 2094 542 2153 arcessiat3
552 2093 610 2153 quia
616 2106 682 2152 quae·
735 2097 774 2145 ab.
789 2099 902 2157 lienique
918 2096 980 2144 dicit
997 2095 1029 2143 ad
1047 2094 1160 2142 animam
1173 2092 1233 2152 eius-

154 2161 218 2208 situs
225 2174 273 2208 non
281 2164 359 2209 solum
367 2162 500 2221 renit‚sed
509 2163 585 2208 etiam
593 2162 682 2209 saliens
705 2167 791 2213 modi:
808 2158 930 2227 Excerpe,
945 2166 999 2212 oeni
1007 2165 1122 2225 proxim
1135 2158 1234 2218 mid

154 2229 243 2287 venite
256 2231 345 2278 Saliene
361 2244 430 2289 super
439 2233 543 2288 monna,
553 2232 575 2276 et
593 2231 681 2276 transi-
706 2232 757 2290 eet,
769 2243 900 2290 exsurges
915 2228 1123 2277 delectationibus
1137 2224 1232 2284 muti,

153 2299 212 2346 liene
222 2312 291 2359 super
308 2300 384 2347 eolles.
395 2299 474 2358 Super
483 2297 582 2356 majoris
598 2297 681 2355 gratie
706 2310 812 2358 exsurgo
822 2311 837 2346 a
846 2299 967 2357 terrenis,
976 2299 1002 2345 et
1011 2297 1071 2345 reni
1081 2295 1113 2344 ad
1119 2306 1175 2353 me,
1183 2305 1233 2354 qun

154 2366 249 2415 animas
269 2368 339 2428 salit,
361 2367 485 2414 interioris
501 2365 618 2413 transilit
634 2364 681 2411 vel
706 2367 788 2414 adbuc
801 2367 910 2427 laboras,
922 2360 1234 2424 cessantemque*

128 2428 137 2438 ‘
154 2433 190 2480 sic
200 2447 208 2479 ι
219 2436 308 2482 saliens
315 2436 437 2495 quomodo
447 2432 534 2482 reniti
544 2433 613 2480 Saltu
622 2445 681 2492 quo·
704 2436 775 2482 licitu
788 2448 814 2482 es
829 2448 883 2495 quae
901 2435 960 2482 sunt
975 2432 1074 2482 mundi.
1084 2432 1150 2481 Veni
1165 2440 1233 2490 supn

155 2502 212 2548 dam
222 2503 293 2551 veuit
305 2504 332 2549 in
343 2504 407 2550 boue
418 2503 545 2550 mundum.
556 2501 625 2561 Apud
635 2502 682 2547 Pa·
705 2505 841 2563 muudum,
853 2504 911 2550 reni
928 2502 959 2550 ad
975 2516 1030 2562 me,
1044 2501 1107 2562 quia
1123 2512 1174 2561 epo¹
1185 2496 1233 2547 rici

140 2571 220 2616 irem
240 2573 306 2629 erat,
318 2572 344 2617 in
359 2571 484 2629 Virginem
502 2570 585 2627 venit,
605 2570 630 2617 et
649 2581 681 2617 ex
705 2573 836 2620 mundum.
853 2573 916 2619 Veni
934 2584 1010 2632 prope
1028 2583 1071 2618 me
1087 2571 1140 2630 iam
1154 2567 1233 2628 pulcri

155 2638 255 2699 Virgine
266 2641 293 2687 in
303 2651 414 2699 praesepe
423 2638 566 2685 transilivit.
579 2639 606 2683 ln
616 2650 681 2697 prae-
705 2644 804 2689 aetemae
817 2642 876 2688 vitae
888 2641 990 2700 decore,
1004 2641 1055 2700 jam
1074 2637 1202 2694 columba,
1210 2631 1234 2681 id

154 2707 208 2769 sepi
219 2710 285 2769 erat,
296 2710 322 2756 et
333 2707 442 2767 fulgebat
452 2707 479 2752 in
490 2707 566 2764 coslo,
578 2707 681 2754 descen·
705 2710 757 2768 est,
780 2709 849 2756 mitis
866 2710 940 2768 atque
958 2708 1104 2766 mansueta,
1118 2707 1171 2766 iarn
1187 2703 1232 2750 tou

56 2791 58 2794 ⁴
154 2777 193 2824 dit
203 2778 229 2824 in
239 2779 384 2835 iordanem,
394 2774 520 2822 adscendit
531 2776 557 2822 in
568 2787 679 2834 crucem,
705 2780 778 2837 plena
798 2777 883 2837 gratia
900 2776 1027 2836 spiritalis.
1037 2777 1099 2823 lure
1112 2785 1170 2833 ergo
1186 2772 1232 2831 iam

113 2901 117 2909 ¹
153 2846 281 2895 descendit
298 2847 325 2893 iu
343 2845 480 2902 tumulum,
498 2844 680 2891 surrexitetu·
706 2847 769 2894 retia
781 2847 871 2893 timere
882 2857 932 2893 uon
950 2844 1040 2904 debet,
1056 2856 1117 2892 eum
1133 2838 1234 2890 isrooet

152 2916 235 2975 mulo,
245 2917 271 2963 et
278 2915 383 2964 sedetad
391 2914 468 2960 Patris
476 2912 613 2960 dexteram.
621 2912 688 2960 lude*
705 2915 736 2961 ad
746 2927 772 2962 se
785 2914 905 2971 animam,
915 2913 958 2973 qui
969 2911 1131 2960 tentamentis
1141 2911 1168 2958 ot
1176 2905 1233 2957 red-

154 2985 224 3043 quasi
235 2983 352 3030 binnulus
363 2991 508 3039 cervorum,
522 2980 565 3039 qui
583 2980 681 3028 deside·
705 2986 750 3031 bus
766 2983 853 3031 mundi
869 2995 918 3030 non
929 2983 1011 3041 potuit
1025 2981 1092 3042 capi.
1103 2976 1233 3028 riam'cun

153 3053 192 3099 rat
209 3052 240 3097 ad
258 3053 337 3099 fontes
356 3062 487 3109 aquarum,
506 3049 633 3096 deseendit
650 3049 681 3096 ad
705 3065 749 3100 uos
768 3053 882 3100 homiues
899 3052 1053 3099 ambulemus
1070 3050 1099 3096 iu
1108 3047 1234 3096 mediola-

152 3119 270 3178 Paulum,
281 3119 306 3166 et
325 3118 488 3165 circumfulsit
498 3130 569 3176 eum,
579 3120 605 3166 et
615 3119 680 3165 exsi—
704 3134 840 3180 quinorum,
851 3134 897 3181 per
912 3120 1082 3180 appetentiam
1097 3130 1159 3168 esem
1176 3113 1234 3164 rsti-

153 3187 211 3236 livit
220 3200 294 3247 super
303 3187 436 3233 Ecclesiam
444 3186 567 3244 sanctam,
577 3199 633 3245 quae
643 3188 681 3235 est
704 3188 749 3238 bus
770 3190 843 3237 simul
862 3189 888 3237 et
909 3190 1003 3251 laqueis
1019 3187 1125 3236 obnoxii
1142 3195 1233 3234 sumus.

152 3256 255 3316 bethel,
265 3256 331 3317 quod
343 3256 433 3311 dicitur
444 3255 531 3301 domus
545 3255 600 3302 bei.
610 3256 680 3302 Pauli
704 3258 749 3305 llle
762 3260 789 3306 in
799 3269 899 3318 corpore
908 3257 1012 3319 positus
1022 3257 1089 3304 retia
1103 3253 1233 3304 nontime-

153 3327 220 3376 euim
230 3326 325 3375 vocatio
335 3325 449 3372 Ecclesiae
459 3325 583 3372 tirmitudo
593 3325 639 3372 est.
704 3328 759 3387 bat,
771 3327 814 3375 sed
832 3326 959 3374 eminebat
975 3337 1050 3385 super
1059 3325 1140 3384 retia,
1150 3320 1233 3381 idest,

182 3396 222 3444 52.
234 3396 310 3448 Venit
321 3407 392 3455 ergo,
403 3393 429 3441 et
439 3395 519 3454 primo
534 3394 588 3454 post
599 3393 680 3453 parie-
704 3408 778 3455 super
794 3394 948 3442 tentamenta
965 3392 1066 3450 mundi,
1084 3392 1113 3440 et
1129 3386 1234 3450 corporis

151 3469 204 3515 tem
219 3468 269 3525 est,
279 3468 308 3514 ut
323 3464 466 3513 inimicitias
481 3464 568 3510 animae
586 3467 612 3511 et
627 3477 680 3511 eor·
703 3465 843 3524 passionem
854 3457 1233 3510 immoetalioaeminereiunie·

151 3537 217 3596 poris
227 3535 318 3594 solvat,
330 3535 426 3583 sublato
440 3533 535 3592 pariete
545 3532 589 3591 qui
601 3533 680 3592 impe-
703 3535 755 3580 bnt.
767 3534 873 3592 ideoque
885 3532 960 3579 etiam
970 3532 1035 3578 lianc
1051 3530 1164 3577 animam
1180 3526 1234 3575 iun·

153 3601 677 3652 dimentumconcordiaevidebaturadierre.
703 3603 761 3649 dare
787 3603 872 3650 rolens
891 3601 1013 3648 dicebat:
1040 3601 1166 3660 berorae,
1181 3594 1235 3644 mi

151 3673 248 3720 Deinde
256 3675 372 3733 prospicit
379 3685 424 3733 per
430 3672 558 3720 fenestras.
564 3672 623 3729 Quae
629 3672 679 3721 sint
701 3672 814 3732 proximo
824 3685 891 3728 osee,
902 3670 954 3717 noli
964 3668 1052 3715 timere
1063 3667 1139 3715 retia.

153 3743 267 3790 ieuesirae
294 3742 352 3787 audi
370 3741 515 3799 Prophetam
536 3741 677 3789 dicentem:
733 3735 1092 3800 as.ramproeeesstllyems,id
1106 3732 1236 3795 esistunt

151 3813 267 3861 Feneslrae
283 3813 369 3869 operte
383 3812 457 3857 aurete
471 3812 535 3856 coelo.
546 3811 679 3870 Prophetas
702 3810 803 3869 paseha,
812 3808 882 3856 veuit
894 3805 1057 3866 indulgentia,
1069 3803 1241 3853 renitremle·

151 3880 238 3940 utique
264 3877 398 3936 significat,
416 3889 462 3936 per
478 3890 538 3936 quos
559 3879 678 3926 Dominus
702 3871 1236 3937 siopeccatorum,cessarittentatimimbel·

152 3961 230 4012 genus
254 3944 365 4004 respexit
383 3946 516 3992 humanum
534 3947 676 4006 priusquam
702 3946 778 4004 abiit,
788 3945 897 4004 procella
912 3944 1014 3991 abiilot
1028 3940 1236 4002 quassationis

152 4022 180 4067 iu
189 4019 267 4068 terras
276 4016 329 4078 ipse
339 4012 508 4064 descenderet.
556 4037 559 4041 ·
703 4013 839 4065 adveutum
858 4012 946 4066 christi
962 4012 1050 4079 hyems
1061 4011 1112 4072 est,
1124 4010 1181 4073 post
1195 4008 1236 4058 ad-
