2752 4806
185 363 238 410 llll
574 367 694 413 suberi
714 365 873 413 AMBROSII

153 454 157 463 ‘
176 444 315 502 incendio
331 448 504 502 concremata
521 447 601 512 sunt,
614 445 761 522 propterea
775 446 850 515 quod
865 443 955 500 Judaei
965 443 1010 500 vel
1022 442 1226 501 Valentiniani'
1216 456 1264 498 nr·

185 524 320 578 saltarent
330 526 472 579 monachis
483 524 655 589 christianis3
670 524 926 579 Valentinianorum
940 522 1016 578 enim
1028 522 1141 577 haeresis
1151 521 1267 590 triginta

184 602 249 656 deos
259 602 332 655 colit.
343 601 397 657 Sed
408 602 441 658 de
453 603 609 673 hujusmodi
622 602 695 657 lacto
707 617 798 657 comes
809 603 929 658 Orientis
939 601 974 656 ad
984 600 1178 670 imperatorem
1189 600 1265 654 rela-

183 679 287 734 tionem
307 680 429 755 direxit:
448 697 504 751 qua
521 683 650 750 accepta,
671 681 822 750 imperator
838 681 1011 750 praeceperat
1028 680 1060 734 ut
1076 692 1213 748 synagoga
1229 679 1264 732 ab

184 758 312 827 episcopo
324 742 377 813 loci
390 758 641 825 reaedificareturs
634 774 663 813 ιιι
673 760 822 814 monachos
832 772 899 814 vero
907 757 1109 812 vindicaretur
1118 757 1172 812 Sed
1183 757 1265 849 liujus

183 839 341 908 praeceptit
342 852 410 893 enor
420 854 484 893 cum
494 838 529 893 ad
540 853 621 894 aures
633 838 806 908 pervenisset
816 837 982 893 venerabrlrs
993 851 1046 892 vm
1038 837 1194 891 Ambrosu
1205 836 1265 906 epi·

183 919 274 988 scopi,
285 918 387 973 direxit
399 919 441 973 ad.
447 920 642 988 imperatorem
653 919 811 988 epistolam,
823 910 891 989 quia
905 919 965 987 ipse
982 917 1012 971 in
1025 918 1150 985 tempore
1162 930 1265 970 ercur-

182 1010 245 1052 rere
263 1012 318 1052 non
331 999 455 1067 poterat,
466 1012 522 1068 qua
540 998 619 1051 illum
630 997 774 1062 convenit,
787 998 819 1051 ut
835 996 865 1051 id
877 995 952 1067 quod
967 996 1001 1050 ab
1016 994 1114 1050 eodem
1129 995 1264 1049 statutum

181 1075 289 1142 luerat,
302 1079 494 1141 revocaretur,
507 1075 669 1147 servarique
678 1076 731 1130 sihi
744 1075 846 1131 debere
861 1075 896 1129 ab
910 1088 944 1130 eo
959 1074 1145 1139 audientiam3
1160 1073 1263 1144 quiesi

183 1154 283 1224 dignm
293 1169 347 1208 non
357 1157 442 1218 esset
454 1169 502 1224 qur
495 1154 547 1208 ab
557 1154 607 1208 rllo
617 1155 761 1210 audiretur
768 1154 888 1224 dagnus
897 1153 983 1209 etiam
992 1166 1048 1206 non
1056 1154 1130 1207 esset
1137 1168 1204 1222 qur
1212 1166 1264 1221 pro

182 1233 230 1286 illo
242 1249 258 1287 a
270 1234 386 1287 Domino
397 1232 556 1297 audiretur,
569 1234 613 1288 vel
625 1234 671 1287 cui
683 1249 746 1305 suas
754 1248 869 1302 preces,
881 1234 930 1288 aut
942 1232 987 1287 cui
1001 1247 1051 1288 sua
1060 1233 1123 1286 vota
1135 1231 1263 1287 commit-

182 1313 273 1367 teret.
283 1312 415 1402 paratum
422 1311 506 1366 etiarn
518 1325 548 1365 se
559 1325 618 1366 esse
630 1325 680 1380 pro
693 1312 742 1365 tali
755 1312 866 1380 negotio
877 1313 996 1366 mortem
1008 1310 1117 1376 subire,
1132 1325 1167 1366 ne
1178 1310 1265 1366 ᾱῑεείε

56 1419 72 1434 ι
182 1391 335 1446 mulatione
351 1390 395 1445 sui
413 1390 654 1460 praevaricatorem
673 1389 779 1447 faceret
796 1390 1006 1460 imperatorem,
1025 1391 1073 1460 qui
1091 1393 1150 1445 tam
1162 1390 1263 1515 injusta

182 1473 278 1526 contra
295 1469 445 1526 Ecclesiam
457 1469 643 1539 praecepisset.

216 1553 258 1606 Et.
272 1552 367 1605 Postea
378 1563 445 1605 vero
457 1563 541 1619 quam
549 1549 733 1605 Mediolanum
742 1563 870 1605 reversus
879 1551 921 1605 est
928 1549 1035 1618 ,posito
1047 1549 1241 1628 imperatore
1232 1565 1262 1602 ιιι

181 1629 315 1695 Ecclesia,
326 1629 360 1684 de
370 1627 467 1683 eadem
477 1642 560 1682 causa
572 1630 720 1683 ractavrt
712 1644 741 1683 m
749 1631 860 1699 populo
873 1631 903 1682 ln
912 1642 968 1699 quo
977 1630 1099 1682 tractatu
1108 1629 1262 1682 introduxit
1286 1691 1289 1701 .

181 1707 291 1761 Domini
304 1720 449 1776 personam
460 1705 597 1777 loquentis
611 1707 790 1776 imperatori:
804 1708 896 1777 Ego-te
911 1722 946 1761 ex
955 1707 1052 1760 ultimo
1068 1707 1263 1775 imperatorem

79 1814 82 1818 ss
181 1785 250 1851 iaci,
263 1785 377 1856 egotibi
389 1785 545 1840 exercitum
552 1783 658 1838 inimici
668 1785 708 1838 tui
718 1784 835 1849 tradidi,
845 1785 959 1855 egotibi
971 1785 1066 1853 copias
1074 1800 1143 1854 quas
1152 1785 1198 1841 ille
1210 1785 1262 1840 ad·

180 1879 296 1918 versum·
302 1866 330 1919 te
339 1862 474 1919 exercitui
489 1876 539 1918 suo
548 1864 752 1932 praeparaverat
768 1862 847 1927 dedi,
860 1876 912 1931 ego
923 1862 1068 1915 inimicum
1078 1865 1159 1916 tuum
1174 1864 1203 1917 in
1213 1878 1263 1933 po-

180 1945 314 1999 testatem⁴
322 1944 402 1999 tuam
410 1941 522 2012 redegi,
537 1955 588 2012 ego
600 1942 635 1997 de
647 1942 752 1998 semine
762 1943 811 1997 tuo
821 1956 906 2010 supra
914 1940 1013 1995 solium
1022 1941 1101 2010 regni
1113 1942 1262 2007 constitui,

180 2030 233 2092 ego
252 2025 280 2078 te
298 2022 470 2091 triumphare
488 2020 548 2076 sine
566 2022 659 2076 labore
676 2020 730 2076 leci
745 2035 752 2074 x
765 2023 794 2075 et
805 2023 838 2074 tu
848 2020 882 2076 de
896 2033 941 2074 me
957 2019 1078 2074 inimicis
1094 2020 1164 2074 meis
1178 2021 1263 2076 donas

181 2101 351 2170 triumphos?
368 2101 417 2156 Cui
436 2100 613 2155 descendenti
629 2101 663 2156 de
680 2099 802 2157 exhedra
820 2098 970 2169 imperator
986 2099 1026 2153 ait
1046 2113 1053 2152 :
1072 2100 1198 2153 «Contra
1213 2115 1263 2154 nos

131 2186 134 2191 ·
180 2179 374 2248 »proposuisti
387 2178 637 2248 hodie‚Episcope.
651 2199 668 2227 ιι
677 2180 713 2233 llt
728 2179 775 2234 ille
786 2178 929 2248 respondit
941 2193 995 2232 non
1006 2192 1037 2233 se
1047 2179 1143 2233 contra
1155 2179 1261 2247 ipsum,

179 2257 230 2314 sed
239 2273 291 2327 pro
303 2259 363 2328 ipso
377 2257 463 2314 tuisse
475 2258 631 2328 loquutum.
644 2261 721 2326 Tune
732 2258 900 2328 imperator:
910 2279 926 2307 «
936 2262 1057 2324 Revera,
1070 2258 1178 2329 inquit,
1192 2260 1261 2315 dure

180 2358 197 2386 »
207 2351 396 2408 praeceperam
405 2337 670 2408 contraepiscopnm
685 2337 723 2393 de
734 2353 872 2409 synagoga
884 2338 1059 2407 reparanda:
1074 2338 1103 2392 in
1114 2340 1261 2394 monachos

178 2436 196 2464 »
208 2430 274 2472 vero
282 2416 478 2473 vindicandum
490 2431 558 2472 esse.
572 2436 588 2464 a
599 2419 639 2471 lta
648 2419 676 2473 et
686 2431 703 2471 a
715 2417 877 2482 comitibus,
892 2418 939 2487 qui
952 2418 981 2471 in
993 2418 1118 2486 tempore
1128 2418 1260 2484 aderant,

179 2494 334 2550 dicebatur.
345 2495 451 2563 Quibus
462 2496 611 2566 Episcopus
624 2513 632 2550 r
646 2517 661 2546 c
672 2499 726 2568 Ego
735 2497 849 2568 quidem
858 2511 922 2551 cum
932 2496 1097 2564 imperatore
1107 2512 1182 2558 nunc
1193 2512 1259 2567 ago,

180 2574 352 2629 »vobiscum
367 2588 433 2630 vero
451 2575 519 2630 mihi
531 2576 611 2630 aliter
622 2577 761 2646 agendum
774 2580 824 2633 est.
842 2598 858 2625 »
876 2578 967 2646 Atque
981 2575 1020 2628 ita
1035 2575 1154 2630 obtinuit
1169 2580 1201 2632 ut
1215 2579 1260 2632 illa

179 2667 244 2722 quae
252 2653 355 2708 statuta
364 2651 490 2719 inerant,
502 2657 702 2711 revocarentur
712 2671 719 2709 :
730 2669 782 2710 nec
791 2655 870 2724 prins
879 2654 913 2708 ad
920 2656 1006 2710 altare
1015 2654 1148 2709 accedere
1157 2656 1259 2721 voluit,

180 2729 235 2784 nisi
246 2729 301 2786 tide
311 2745 362 2786 sua
373 2731 523 2802 imperator
535 2733 615 2788 illum
631 2748 714 2803 agere
730 2733 838 2789 dehere
851 2733 1008 2788 testaretur.
1024 2733 1075 2788 Cui
1087 2733 1236 2802 Episcopus
1250 2749 1258 2786 :

180 2830 197 2857 u
207 2809 402 2881 Ergo-agolide
414 2813 472 2866 tua.
485 2833 501 2860 »
514 2812 664 2882 Respondit
674 2813 825 2882 imperator
836 2826 867 2865 :a
878 2813 935 2881 Age
945 2810 1078 2865 fidemea.
1091 2832 1105 2859 ι
1112 2812 1172 2879 Qua
1178 2826 1261 2880 spon-

65 2928 67 2932 .
179 2889 256 2946 sione
268 2891 366 2945 iterata
374 2930 381 2956 ,
389 2891 446 2961 jam
455 2905 570 2946 securus
579 2892 688 2961 peregit
697 2890 829 2946 Sacerdos
835 2889 932 2943 divina
941 2889 1082 2957 mysteria.
1094 2891 1262 2946 necantem

178 2970 281 3038 scripta
293 2972 358 3025 sunt
366 2971 395 3025 in
404 2971 534 3039 epistola,
544 2985 628 3040 quam
639 2969 678 3024 ad
684 2983 844 3039 germanam
856 2982 935 3022 suam
945 2966 1011 3022 fecit
1024 2965 1125 3040 (epist.
1138 2971 1169 3023 ll
1183 2967 1194 3041 )
1209 2961 1216 3024 ἑ
1231 2971 1259 3025 in

179 3063 235 3118 qua
246 3049 394 3102 tractatum
404 3048 536 3114 inseruit,
547 3063 632 3118 quem
641 3047 791 3103 eodemdie
802 3047 901 3102 hahuit
911 3046 946 3102 de
956 3048 1055 3102 baculo
1066 3061 1169 3114 nuceo,
1182 3050 1231 3120 qui
1242 3067 1261 3105 a

179 3127 312 3195 propheta
323 3126 462 3180 Hieremia
473 3126 549 3181 visus
560 3140 620 3181 esse
631 3126 806 3181 describitur.
916 3137 918 3140 ⁴

213 3207 255 3260 Et.
267 3208 318 3259 Per
328 3205 401 3259 idem
410 3205 519 3273 tempus
529 3218 613 3259 causa
623 3203 872 3260 Thessalonicensis
881 3205 1001 3262 civitatis
1010 3221 1065 3261 non
1073 3207 1187 3261 minima
1196 3222 1260 3263 suc-

179 3283 262 3338 cessit
272 3283 413 3337 tribnlatio
429 3282 585 3348 Sacerdoti,
604 3297 669 3336 cum
687 3282 830 3338 civitatem
843 3298 917 3352 pene
930 3285 1049 3339 deletam
1065 3286 1258 3354 comperisset;

178 3361 341 3431 promiserat
353 3361 429 3416 eninr
441 3360 480 3414 illi
494 3361 645 3431 imperator
658 3375 689 3416 se
701 3361 813 3416 veniam
828 3361 960 3415 daturum
976 3361 1083 3416 civibus
1094 3364 1259 3430 supradictae

179 3440 318 3496 civitatis:
331 3441 380 3507 sed
396 3440 542 3511 agentibus
560 3441 708 3496 comitibus
720 3443 830 3496 occulte
846 3455 910 3495 cum
922 3440 1103 3509 imperatore,
1115 3443 1259 3512 ignorante
1292 3500 1296 3506 ,

178 3519 338 3585 Sacerdote,
352 3533 441 3590 usque
452 3520 481 3573 in
490 3521 587 3574 horam
598 3519 709 3574 tertiam
718 3519 811 3589 gladio
820 3518 918 3573 civitas
927 3521 968 3572 est
978 3519 1094 3584 donata,
1105 3522 1187 3588 atque
1196 3523 1259 3590 plu-

179 3597 243 3649 rimi
255 3597 394 3652 interemti
405 3598 575 3653 innocentes.
587 3598 666 3666 Quod
677 3596 781 3652 lactum
791 3598 840 3652 uhi
853 3599 980 3667 cognovit
992 3598 1138 3663 Sacerdos,
1151 3599 1257 3668 copiam

180 3674 338 3742 imperatori
348 3674 520 3744 ingrediendi
533 3676 685 3730 Ecclesiam
692 3675 842 3744 denegavit
856 3691 862 3728 :
876 3690 927 3730 nec
938 3676 1015 3745 prius
1024 3675 1139 3745 dignum
1144 3676 1256 3744 judica-

179 3752 307 3807 vitcoetu
322 3751 465 3816 Ecclesiae,
484 3753 528 3806 vel
543 3755 781 3807 sacramentorum
798 3754 1007 3819 communione,
1021 3768 1104 3823 quam
1116 3754 1258 3822 publicam

180 3831 275 3900 ageret
290 3830 491 3898 poenitentiam.
509 3830 559 3884 Cui
570 3830 720 3900 imperator
732 3833 829 3885 contra
840 3830 983 3887 adserehat
992 3832 1079 3886 David
1089 3832 1255 3887 adulterium

180 3908 261 3966 sinui
273 3911 301 3963 et
313 3907 491 3963 homicidium
504 3911 686 3978 perpetrasse.
705 3909 759 3964 Sed
773 3923 935 3978 responsum
951 3909 1024 3964 illico
1038 3911 1080 3964 est
1094 3924 1101 3962 :
1116 3931 1130 3956 «
1143 3910 1195 3977 Qui
1207 3926 1258 3966 se*

181 4006 197 4036 »
209 3978 524 4059 ‹prutusererrantcmss
539 4000 657 4054 sequere
675 3987 868 4056 corrigentem.
881 4007 896 4037 a
912 3987 990 4057 Quod
1005 3986 1053 4042 uhi
1075 3986 1180 4043 audiit
1198 3990 1257 4044 cle«
