2752 4806
34 498 37 503 .
126 423 171 474 lie
443 432 460 443 ''
515 435 634 482 SANCTI
653 437 814 486 Ambrosii

126 514 244 564 abhorret
264 529 278 563 a
292 529 369 583 ⁴vero,
386 521 451 580 quod
470 523 496 572 et
518 527 564 574 isto
584 528 654 575 vemt
681 526 821 583 monentium
837 522 919 571 litati·
934 521 1004 581 0⁰⁰⁶
1018 534 1067 571 ¹¹⁰⁰
1082 516 1208 573 id'ilssflm

126 583 242 641 spunsdnm
254 585 281 632 iu
291 598 317 633 sc
329 599 419 651 *manus
429 589 524 653 injicit3
536 597 564 643 nt
575 595 653 643 inter-
677 590 743 638 diem
753 590 894 638 afflictionis
900 591 996 652 egypti
1003 591 1110 651 reteres,
1121 591 1165 639 sed
1175 591 1206 638 nd

124 649 191 699 liciat
201 652 338 713 voluptates
349 656 387 703 sni
399 660 520 721 corporis,
531 666 557 711 et
568 675 653 722 quem
677 669 749 706 omne
765 660 871 720 tempus·
887 660 947 708 (ium
965 661 1033 708 enim
1047 659 1206 708 remim!

124 717 179 766 dum
189 732 240 769 suae
250 723 331 771 carnis
338 727 455 784 operetur
462 728 601 778 interitum.
613 731 652 777 ln·
676 726 840 788 improbitati,
857 728 940 776 statim
955 729 1098 778 adsciscitur
1116 728 1206 776 virtus.

122 787 222 837 tertccit
240 802 331 852 nempe
347 795 441 854 lloyses
456 799 607 858 AEgyptium,
627 801 653 847 et
676 796 790 854 Egressus
802 796 868 843 euim
876 797 1080 846 malitiarvirtntis
1089 795 1206 857 operatur

124 853 199 916 innnx
214 856 293 906 ischas
309 861 346 909 est
368 862 399 911 de
419 863 485 912 terra
501 867 608 926 AEgpr,
624 868 653 915 ut
677 862 828 924 inpressum:
845 865 980 925 eodemque
998 865 1078 912 studio
1092 877 1143 925 quo
1157 862 1206 911 cri·

122 921 258 974 declinaret
276 929 330 986 eins
347 929 420 979 terrae
438 933 579 992 tyrannum.
604 935 652 983 Sed
675 944 732 980 men
743 938 898 996 excinditur,
909 933 1050 982 innocentia
1065 931 1216 993 copulatura

121 1004 170 1041 nou
188 996 247 1045 ante
258 997 328 1047 illum
339 999 504 1051 interfecisset
515 1005 651 1063 Egyptinm
676 1001 755 1050 Habes
766 1006 812 1053 hoc
823 1007 848 1053 iu
860 1005 1005 1066 Evangeli03
1016 1003 1074 1063 quia
1085 995 1205 1049 nbi'sala-

122 1063 261 1129 homiuem,
279 1068 327 1117 nisi
345 1070 415 1130 prius
439 1071 465 1119 iu
483 1085 510 1120 se
533 1073 652 1134 nequitiae
676 1083 718 1118 uas
733 1073 835 1123 immisit
851 1089 877 1123 se
899 1075 925 1121 in
941 1087 983 1122 cor
997 1072 1078 1132 iude,
1095 1070 1205 1119 christus

120 1133 238 1192 spiritalis
262 1139 400 1199 AEgyptium
423 1140 603 1201 interemisset,
627 1144 652 1191 et
675 1143 776 1189 recessit
787 1143 819 1189 ab
832 1157 876 1203 eo,
886 1143 1059 1202 momentoque
1069 1151 1100 1187 eo
1115 1149 1164 1200 qno
1175 1137 1204 1184 ll·

120 1201 258 1254 abdicasset
267 1219 294 1254 se
310 1209 429 1268 regalium
439 1211 503 1258 luxu
517 1212 650 1270 honorum,
675 1207 726 1254 lum
737 1211 845 1271 recepit,
856 1212 923 1259 huuc
939 1210 1030 1257 amisit.
1042 1207 1156 1266 Denique
1165 1204 1202 1253 'sic

120 1270 200 1328 rusius
210 1274 385 1332 patrimonium
396 1278 520 1325 aestimans
530 1280 651 1327 thesauris
675 1277 792 1336 scriptum
801 1279 838 1326 est
847 1293 854 1325 z
863 1281 895 1326 m
902 1279 955 1339 post
967 1277 1091 1324 buccedom
1101 1273 1203 1321 introisti

119 1339 214 1399 AEpypti
226 1342 383 1401 opprobrium
394 1344 492 1391 Christi.
504 1346 574 1403 Quod
589 1347 652 1393 stul·
675 1345 700 1390 in
718 1359 770 1393 cnm
787 1351 895 1396 catonus.
907 1344 978 1392 Dixit
995 1355 1053 1404 erpo
1064 1342 1102 1389 illi
1113 1342 1201 1388 lesnsc

119 1405 152 1452 tis
162 1407 264 1466 quidem
275 1409 375 1457 videtur
390 1411 550 1471 opprobrium
562 1426 568 1458 :
580 1415 651 1462 nobis
676 1413 740 1472 Quod
751 1416 822 1475 such,
833 1416 872 1476 {oc
882 1416 985 1463 celerius.
997 1411 1063 1471 Quid
1080 1408 1160 1457 illudi
1170 1408 1201 1455 m

119 1474 441 1536 autemillndopprobrinm
453 1479 652 1529 Dominicseeru·
675 1480 731 1536 quia
750 1482 877 1530 introierat
895 1482 922 1528 in
938 1481 1008 1527 illum
1023 1480 1136 1535 satanas,
1150 1475 1201 1534 ipsc

120 1542 156 1590 cis
165 1543 244 1592 virtus
254 1545 301 1592 Dei
312 1546 349 1595 est
359 1546 433 1607 atque
445 1547 574 1607 sapientia.
675 1552 755 1599 abiret
764 1563 778 1598 a
788 1552 892 1600 Christo.
904 1549 1008 1608 Eiicitur
1024 1547 1111 1607 itaquo
1122 1545 1149 1592 et
1158 1555 1201 1592 ex·

151 1610 189 1661 is.
201 1614 302 1662 Accedit
312 1626 356 1675 eo,
367 1615 433 1675 quod
443 1615 492 1663 dno
502 1617 613 1676 quasdam
624 1618 651 1665 in
675 1621 794 1680 cluditur,
801 1632 830 1667 eo
838 1618 958 1680 quodiam
967 1630 1023 1665 cum
1030 1615 1136 1662 Domino
1145 1613 1200 1660 lesu
1252 1667 1255 1673 ‚

119 1682 171 1729 Deo
182 1683 328 1745 principalia
346 1685 403 1732 suut
413 1697 503 1744 genere
514 1685 650 1746 virtutum,
675 1702 728 1737 esse
739 1703 788 1737 uon
796 1690 886 1750 possit,
896 1688 953 1749 qnia
960 1685 1068 1747 coeperat
1079 1695 1134 1731 esse
1146 1692 1200 1730 cum

118 1751 648 1815 nunmqnoremittit‚alindqnovindicat.
675 1759 771 1806 diabolo
793 1772 800 1805 :
827 1759 895 1805 nnita
920 1757 987 1805 euim
1011 1749 1201 1802 communicatio

119 1818 288 1866 liemittuutur
300 1825 401 1879 peccata
412 1834 459 1882 per
476 1823 522 1869 Dei
536 1816 650 1883 verbum,
674 1828 762 1874 Christi
778 1840 834 1874 cnm
844 1825 931 1872 Belial.
944 1823 1014 1871 Unde
1024 1821 1110 1870 statim
1125 1821 1202 1879 impc-

120 1887 190 1944 cnjus
199 1887 289 1936 levites
303 1888 426 1949 interpres
440 1890 579 1953 etquidem
590 1906 651 1942 exe·
674 1897 711 1943 rio
722 1897 841 1955 expulsus
855 1880 1070 1953 abscessit,bicnt
1081 1889 1199 1950 legimus,

118 1958 190 2005 cutor
199 1959 237 2006 est
247 1971 254 2004 c
265 1959 425 2021 remittuntur
441 1961 517 2009 etiam
533 1975 579 2023 per
596 1963 651 2009 oili·
674 1965 774 2013 dicente
784 1965 936 2024 Evangelista
946 1977 953 2008 ι
963 1963 1009 2024 Qui
1018 1974 1072 2008 cnm
1080 1958 1200 2019 accepisset

118 2025 186 2073 cium
203 2028 349 2089 sacerdotis,
367 2041 512 2090 sacrumque
537 2031 651 2079 ministc-
675 2028 1199 2092 buccellam‚exiilooniinumerateuimnom

117 2095 183 2144 rium
195 2109 202 2143 :
212 2097 352 2157 puniuntur
362 2111 459 2158 qnoque
470 2111 516 2158 per
525 2099 648 2160 homines,
673 2104 723 2149 lton
731 2099 1093 2160 sornmexivinsedconunno,
1100 2095 1200 2144 etnoctc

117 2165 182 2214 sicut
191 2179 236 2226 per
244 2166 406 2227 jndices‚qui
417 2168 538 2226 potestate
547 2169 578 2215 ad
587 2170 650 2216 tem·
673 2169 760 2218 exivit.
779 2171 829 2217 Nec
847 2169 937 2215 mirum
955 2167 976 2214 si
991 2166 1072 2213 noctis
1085 2163 1200 2213 tenebras

117 2246 164 2294 pus
173 2235 292 2295 utuntur,
303 2235 368 2283 sicut
384 2237 513 2295 Apostolus
524 2236 595 2284 docet
610 2238 649 2285 di·
672 2235 793 2289 habehat,
805 2235 848 2296 qui
861 2235 984 2282 Christum
1000 2231 1143 2280 ‹leserehnt
1153 2231 1199 2277 Vc·

118 2314 178 2359 cens
187 2316 194 2350 ι
205 2304 248 2353 Vis
258 2298 395 2368 antern'non
406 2306 486 2352 timere
491 2307 648 2364 potestatem?
672 2318 727 2352 rum
738 2304 800 2353 sient
815 2306 868 2365 ipse
884 2303 997 2364 receptus
1007 2314 1020 2349 a
1032 2301 1146 2360 diabolo,
1157 2312 1199 2348 ex-

117 2371 275 2431 tinnientes,
290 2375 313 2420 et
327 2373 421 2421 inolebit
431 2374 523 2421 landem
542 2388 572 2421 eu
587 2376 630 2423 illu
638 2392 647 2437 ς
673 2375 754 2423 clusus
770 2374 893 2421 schristo
910 2373 947 2420 est
957 2385 964 2418 ε
976 2371 1011 2418 ita
1026 2370 1144 2418 Zachaeus
1160 2379 1199 2415 re·

116 2442 161 2488 Dei
171 2443 234 2489 enim
251 2443 359 2490 minister
370 2445 403 2491 est
419 2444 461 2491 libi
479 2445 505 2491 in
517 2444 611 2492 bonum.
622 2448 648 2493 Si
671 2445 788 2493 nuntians
808 2441 932 2501 avaritiae,
951 2441 1075 2487 Christum
1096 2435 1198 2497 recepit.

118 2511 196 2555 nutem
212 2510 303 2556 malum
320 2511 413 2569 feceris,
436 2513 499 2558 lime.
515 2514 570 2560 Non
586 2515 647 2561 enim
671 2515 805 2574 meritoque
820 2512 909 2560 videns
923 2509 1031 2557 studium
1046 2508 1118 2566 ejus,
1136 2503 1199 2566 quod

116 2577 166 2624 sine
175 2590 248 2624 consu
257 2578 359 2636 eludium
368 2581 460 2640 portut‚·
473 2581 517 2627 Dei
531 2583 593 2627 enim
600 2584 648 2628 mi·
671 2576 1199 2636 inarboremadscendissetuttranseuntcm

116 2646 244 2702 sisterem,
254 2646 341 2692 mades
357 2647 383 2692 in
397 2648 461 2694 irum
473 2649 495 2694 ci
506 2649 547 2708 qni
557 2651 647 2697 mulum
671 2652 754 2698 lesum
764 2649 875 2706 videret,
888 2647 949 2694 dicit
959 2644 1094 2693 Dominus:
1103 2642 1200 2690 Zn'ciinc

116 2714 427 2774 opitPuniuntnrpeccnta
436 2716 511 2764 etium
519 2730 565 2777 per
571 2731 647 2778 popu·
671 2713 1200 2777 seclinormdeccende,quiahodicindomotno

114 2784 166 2844 los,
175 2784 365 2846 sientlegimns;
375 2785 433 2845 quia
445 2799 509 2847 saepe
521 2788 552 2835 ab
560 2789 648 2835 alieni·
670 2799 765 2833 maome
772 2799 808 2832 me
816 2786 913 2845 oportet.
921 2781 1071 2829 Eldescendit
1077 2781 1200 2839 lentinuus,

115 2854 185 2912 genis
192 2853 239 2900 Dei
246 2853 317 2913 jussu
327 2854 441 2903 excitatis
448 2856 549 2915 propter
555 2855 647 2903 divinae
670 2859 692 2903 ei
699 2858 788 2916 excepit
795 2857 860 2902 illum
871 2855 980 2914 pandens.
990 2850 1039 2897 Sed
1050 2849 1200 2910 excipiendo

115 2922 251 2978 majestatis
259 2922 374 2969 oliensam
384 2921 511 2979 subjectus
521 2921 599 2970 iactus
610 2925 647 2971 est
670 2924 806 2982 Christum,
816 2919 1070 2977 exclusitavaritiam‚
1080 2919 1201 2980 relegarit

115 2989 645 3051 populusiudaeorumdlecisquidsmqniin·
670 2986 1200 3051 perfidiam,renuntiavittraudibnsAliter

116 3055 183 3102 vitus
193 3055 387 3115 aliquodiecerit
393 3056 567 3117 homicidium,
577 3060 646 3106 extra
671 3061 737 3107 euim
754 3073 804 3107 nou
819 3059 956 3118 ingreditur
972 3056 1096 3114 Christus,
1107 3057 1157 3104 uisi
1172 3056 1200 3104 ut

114 3122 281 3170 ministerium
291 3123 337 3170 est.
354 3123 482 3183 Siquidem
501 3123 545 3171 lex
558 3125 594 3172 ait
614 3126 645 3173 de
669 3129 730 3176 vitia
742 3128 871 3184 excludat3
883 3126 941 3185 quia
956 3136 1006 3172 uon
1022 3123 1151 3171 cohabitat
1161 3136 1200 3172 er-

115 3203 146 3238 eo
158 3203 165 3236 a
177 3193 379 3254 Qnichuadedil
393 3206 446 3239 enm
460 3194 644 3253 inmonnscjns.
669 3196 774 3243 roribus.
793 3196 905 3256 Denique
923 3194 955 3239 do
970 3192 1065 3252 templo
1081 3191 1199 3249 ejiciebat

114 3259 199 3307 Manus
208 3271 266 3319 eruo
277 3258 331 3317 eins
348 3259 506 3308 instrumenti
517 3263 590 3310 modo
606 3263 645 3309 di·
668 3264 859 3322 nummularios,
871 3263 928 3323 qnia
943 3262 997 3321 ipse
1012 3260 1115 3308 volebat
1130 3261 1200 3308 habi·

114 3329 178 3378 muas
193 3330 283 3378 ultioni
297 3330 462 3380 ministerium
474 3333 643 3393 prebuerunt.
668 3337 731 3382 tare.
750 3333 820 3380 Unde
840 3333 955 3380 Zachaeus
973 3331 1021 3376 hoc
1038 3329 1199 3390 intelligens,

90 3397 93 3404 '
113 3399 298 3461 Levitesigitur
306 3400 643 3450 ministerremissiouisest:
668 3398 1201 3462 quiachristumveteresuosuscipersnnec·

113 3481 241 3527 percussor
249 3470 333 3517 antem
346 3471 389 3529 qni
398 3472 539 3518 tamennon
548 3483 581 3517 ex
592 3471 644 3518 dis-
667 3471 695 3517 tu
710 3481 761 3517 nou
776 3469 886 3528 poterat,
904 3468 1031 3527 superiora
1049 3466 1113 3514 vitia
1130 3467 1200 3515 exire

112 3536 253 3597 positione,
268 3536 312 3584 sed
326 3538 417 3597 praeter
435 3539 588 3586 voluntatem
604 3538 644 3586 ie·
667 3551 711 3584 suo
719 3537 793 3596 iussit
803 3538 924 3596 hospitio,
933 3535 1078 3602 utChristns
1085 3535 1198 3583 intraret.

113 3604 175 3651 cerit
187 3605 366 3665 homicidium,
375 3605 467 3655 divium
477 3606 590 3655 minister
605 3607 643 3655 est
667 3606 753 3653 llerito
766 3605 843 3665 igitur
852 3605 980 3652 Pharisaeis
990 3604 1200 3652 obmurmuranti-

113 3672 225 3720 ultiouis.
667 3674 713 3720 bns
724 3674 790 3735 quod
803 3673 922 3721 Dominus
938 3674 1010 3720 lesus
1025 3670 1058 3718 ad
1071 3672 1199 3720 hominem

144 3739 182 3786 io.
197 3740 263 3787 lllud
278 3750 376 3801 quoque
394 3740 492 3802 specta,
512 3742 570 3802 quia
587 3755 643 3790 cnm
667 3743 822 3801 peccatorem
839 3741 982 3789 divertisset
999 3751 1119 3799 manere,
1136 3739 1198 3787 dixit

112 3807 260 3855 intertieitur
265 3807 370 3867 impius,
379 3809 489 3856 christus
495 3809 642 3859 infunditur.
667 3809 698 3857 ad
712 3811 864 3857 Dominum:
876 3813 936 3859 licce
949 3809 1070 3857 dimidtnm
1083 3807 1198 3856 heroem

113 3877 143 3924 Et
154 3874 197 3922 ubi
212 3875 360 3922 ahommatio
371 3875 496 3932 aboletur,
508 3878 644 3924 sanctitica-
667 3891 785 3936 meorum,
804 3880 916 3935 Domine,
934 3879 964 3924 do
973 3876 1131 3938 paupertim
1146 3877 1200 3924 etri

113 3945 150 3992 tio
161 3944 335 4005 enumeratum
350 3944 409 4002 quin
423 3943 544 3992 Dominus
559 3944 642 3992 dixit:
667 3948 799 4007 miniiquid
810 3946 999 4006 frurldeuhstulss
1009 3946 1080 3992 reddo
1091 3944 1199 4004 ommno·

114 4017 145 4064 ln
155 4028 183 4062 co
198 4015 235 4061 die
249 4026 297 4073 pne
308 4012 414 4068 interfeci
423 4025 491 4060 mnne
503 4015 644 4073 primopmi·
664 4014 775 4072 plumln
783 4025 831 4073 quo
840 4010 1022 4072 illisrespondit
1030 4011 1074 4070 qui
1083 4010 1199 4057 dicebaut

115 4085 164 4131 lum
173 4083 280 4144 AEnypii,
289 4081 433 4141 sanctificari
446 4081 504 4128 milri
513 4094 581 4128 omne
593 4085 644 4142 pei·
671 4083 826 4141 poccatorem
843 4081 938 4129 Christo
948 4079 1084 4140 hospitium
1094 4089 1146 4128 non
1155 4077 1200 4126 de-
