2752 4800
452 404 696 451 tinxAEmEIlom
715 405 816 454 tinen
835 411 852 453 l.
1179 410 1194 460 9

102 498 213 535 suarum.
227 484 292 545 Quid
307 484 383 546 igitur
393 484 549 535 defendimus
559 488 637 534 aethe·
663 488 729 535 enim
740 490 805 537 dixit
815 490 840 538 et
849 489 912 538 iacta
928 491 997 551 sunt,
1010 491 1074 538 nihil
1085 492 1191 540 interest

102 565 174 601 reum
185 568 273 614 corpus
284 567 351 613 esse,
363 566 395 601 ue
410 555 526 605 videatur
537 569 638 616 corrup·
662 559 722 615 quid
732 559 940 618 priusexprimas,
948 571 1004 605 cum
1012 560 1085 607 simul
1093 561 1191 608 ntroin·

103 622 167 669 iloni
182 623 334 671 obnoxium?
344 623 414 681 Quod
429 625 496 672 euim
515 626 636 685 composi·
661 640 709 685 que
721 628 753 674 sit
772 627 878 686 iactum3
895 627 969 673 simul
986 640 1017 674 ne
1035 628 1088 675 baec
1104 627 1192 675 saltem

103 692 157 736 tum
175 705 208 738 ex
224 691 428 751 corruptibilibus
443 695 573 741 elementis
584 694 635 753 est,
660 695 821 753 praerogativa
839 696 902 741 coelo
913 694 1004 740 divinae
1015 694 1129 741 videatur
1147 694 1191 741 ad-

101 770 204 808 necesse
223 763 262 810 est
277 763 423 810 resolvatur.
443 764 503 809 Nam
520 764 565 810 hoc
582 764 635 823 ipso
658 761 768 818 iudicatu
792 760 950 819 substantiae,
969 763 998 807 nt
1021 760 1191 819 primogenitae

101 829 168 886 quod
178 829 283 878 diversas
294 831 381 877 eadem
392 831 442 879 sint
453 833 577 878 elementa
591 845 635 878 na·
660 826 780 876 creaturae
795 831 926 889 privilegio
945 830 1025 889 potior
1044 828 1202 887 aestimetur„

101 896 357 959 turae,simpliceruet
365 900 533 949 inviolabilem
540 904 634 949 motum
660 899 744 958 ltaque
753 900 807 945 illos
816 899 866 945 suis
876 899 1044 957 relinquamus
1055 897 1192 943 contentio·

102 963 194 1014 habere
212 980 262 1015 non
277 970 394 1028 possunt,
406 982 462 1016 cum
479 983 504 1017 se
522 971 634 1018 diversus
659 967 746 1025 nibus,
765 967 808 1026 quii
829 967 921 1013 mutuis
939 966 1145 1025 disputationibus
1163 976 1190 1012 so

101 1033 283 1083 elementorum
304 1038 384 1084 motus
406 1039 543 1098 impugnet,
566 1041 634 1086 unus
659 1035 785 1080 refellunt.
798 1034 872 1079 Nobis
883 1034 966 1080 antem
978 1033 1037 1080 satis
1052 1034 1089 1080 est
1101 1032 1132 1079 ad
1150 1046 1191 1080 sa·

100 1104 170 1151 onim
180 1105 263 1152 motus
271 1106 383 1153 omnibus
392 1108 463 1166 aptus
471 1120 524 1155 osse
533 1121 582 1155 non
589 1122 634 1168 po.
659 1103 735 1148 lutern
743 1134 750 1159 ,
757 1112 805 1147 uon
815 1101 1006 1160 disputationum
1012 1101 1188 1161 controversia,

100 1171 165 1230 test,
184 1172 211 1218 et
228 1172 360 1220 elementis
378 1173 526 1221 distantibus
547 1187 634 1221 conve-
659 1169 1191 1228 sedprceceptorumveritas3necargumen·

100 1241 233 1288 nire.llam
244 1242 287 1302 qui
298 1241 395 1289 levibus
405 1243 575 1291 accommodus
587 1246 632 1304 est,
659 1239 757 1285 tationis
775 1237 877 1296 astutia,
896 1236 940 1283 sed
957 1237 1018 1284 sides
1038 1237 1143 1296 mentis,
1160 1241 1189 1286 ut
1212 1250 1215 1255 ·

100 1310 132 1356 iit
143 1310 311 1358 incommodus
325 1311 479 1369 gravioribus
493 1312 631 1361 elementis.
658 1307 793 1354 serviamus
804 1307 907 1354 creatori
916 1306 997 1366 potius
1008 1319 1081 1365 quam
1089 1308 1186 1355 creatu·

99 1379 191 1438 ltaque
200 1380 295 1439 quaudo
305 1380 337 1427 ad
348 1381 474 1439 superiora
483 1382 563 1428 motus
575 1382 631 1428 coeli
658 1390 704 1435 rte,
714 1377 758 1437 qui
769 1377 807 1425 est
821 1379 886 1424 Deus
894 1376 1038 1423 benedictus
1049 1376 1077 1423 in
1087 1378 1187 1426 sucida.

99 1448 143 1494 cst
169 1449 344 1508 necessarius,
368 1450 475 1498 terrenis
497 1453 630 1509 gravatum
874 1475 960 1486 --

98 1517 200 1576 quando
215 1517 248 1575 ad
262 1517 381 1565 iuferiora
395 1518 512 1564 decursus
527 1519 632 1578 expedi·
784 1558 789 1567 .
814 1542 943 1595 CAPUT
955 1542 1026 1592 vn·

98 1589 156 1644 tur,
168 1586 257 1645 igneus
265 1587 336 1646 vigor
346 1587 389 1634 ille
399 1586 522 1634 violenter
530 1587 632 1633 attrahi·

87 1646 148 1701 'tun
168 1656 268 1703 Etenim
285 1655 370 1702 contra
387 1656 481 1703 naturae
498 1668 547 1703 suae
560 1669 631 1703 usum
657 1652 792 1693 Occurritur
807 1653 832 1691 iis
847 1654 885 1701 qui
900 1654 997 1690 materiae
1014 1653 1156 1690 aeternitatem
1175 1665 1187 1691 e

98 1725 214 1771 sorsum
228 1725 333 1785 coutur-
348 1725 426 1772 omne
438 1726 520 1772 autem
531 1726 595 1785 suo
605 1727 631 1772 111
679 1699 1189 1806 siscianensissecarent:

98 1794 251 1842 mmmmm
273 1794 383 1853 ῦθδῆῑῑῐ,
400 1807 450 1842 non
467 1795 560 1842 natur&
579 1809 631 1844 sel·-
678 1812 1186 1861 inesset.curcupriusfactasignificerur,quam

97 1864 184 1922 vicus,
195 1863 241 1910 sed
249 1863 406 1922 necessitati,
417 1864 466 1912 cito
477 1865 593 1925 solvitur,
606 1869 632 1914 et
678 1871 760 1905 ornata.

98 1931 126 1978 in
137 1943 167 1978 ea
181 1933 305 1980 scinditur
319 1933 453 1992 exquibus
465 1933 563 1980 videtur
578 1947 631 1982 esse

98 2002 278 2062 compositum,
289 2002 316 2049 iu
332 2015 401 2050 snam
412 2015 533 2062 quamque
549 2004 630 2063 regio-
685 2007 725 2054 25.
739 2011 813 2055 Terra
828 2010 906 2054 eutem
924 2009 975 2054 erat
985 2008 1102 2055 invisibilis
1113 2009 1135 2053 et
1152 2009 1188 2054 in·

98 2081 160 2116 nem
169 2071 273 2131 singulis
281 2071 475 2118 recurrentibus.
487 2072 545 2118 ilaec
556 2071 631 2131 igitur
656 2080 790 2138 composita.
806 2079 886 2122 Bonus
904 2075 994 2123 artifex
1011 2076 1080 2136 prius
1097 2074 1186 2123 tunda-

97 2138 145 2184 alii
171 2140 356 2188 considerantes
381 2139 480 2186 stabilia
502 2152 556 2187 esse
581 2153 630 2187 uon
656 2145 958 2206 mentumpouitepostea
971 2140 1187 2204 tundamentopo-

96 2221 184 2269 posse,
203 2210 341 2258 ethereum
362 2221 451 2268 corpus
469 2208 525 2255 coeri
545 2208 630 2257 stella·
656 2213 1187 2272 sitoedificationismemorauistinguit,ot

96 2291 203 2339 rumque
224 2292 278 2327 esse
297 2279 410 2326 arbitrati
430 2279 500 2337 sunt,
518 2279 629 2337 quintam
655 2285 766 2344 adiungit
783 2285 904 2332 ornatum.
916 2284 996 2329 Posito
1009 2282 1084 2339 igitur
1100 2281 1188 2325 lurida-

97 2349 230 2408 quandam
254 2350 370 2396 naturam
392 2346 501 2415 eorporis
519 2349 630 2396 introdu-
656 2357 739 2402 mento
756 2353 841 2411 terre,
854 2354 880 2398 et
897 2351 1038 2397 confirmata
1053 2348 1109 2395 eoeli
1129 2348 1187 2393 suh-

98 2419 199 2476 centes,
214 2430 264 2478 quo
282 2418 424 2465 diuturnam
443 2417 500 2463 coeli
515 2418 631 2477 putarent
656 2422 758 2481 stantia,
773 2420 822 2467 duo
840 2421 906 2467 enim
921 2418 1035 2466 istasunt
1051 2417 1122 2465 velut
1134 2430 1187 2463 car-

97 2498 301 2534 mansuramesse
310 2486 482 2534 substantiam.
655 2492 725 2537 dines
735 2503 832 2548 rernm,
848 2489 977 2536 subtexuit
994 2491 1090 2534 eTerro
1105 2490 1184 2534 eutem

127 2553 168 2600 st.
186 2555 234 2602 Sed
253 2567 302 2601 non
317 2555 363 2602 ista
379 2555 462 2614 opinio
481 2554 630 2614 propheticae
655 2563 706 2607 erui
717 2559 835 2607 invisibilis
846 2561 867 2606 et
880 2559 1041 2618 incomposito.
1057 2556 1123 2615 Quid
1134 2557 1185 2615 est,

97 2623 181 2682 potuit
192 2623 294 2670 obviare
304 2622 450 2682 sententias3
461 2636 535 2682 ipram
547 2623 629 2672 divina
655 2631 729 2686 lirul,
739 2627 787 2675 uisi
799 2639 830 2674 ne
841 2627 904 2674 torte
917 2628 942 2673 in
955 2626 1080 2673 infinitum
1096 2628 1121 2672 et
1131 2626 1185 2672 sine

97 2705 196 2752 quoque
208 2693 302 2740 domini
311 2694 370 2739 lesu
380 2692 470 2739 Christi
478 2693 592 2750 maiestas
604 2694 629 2739 in
655 2697 775 2756 principio
792 2696 927 2743 extendant
945 2694 1086 2753 opinionem
1098 2705 1166 2738 suam
1178 2727 1184 2750 ,

855 1917 948 1958 suanm
957 1918 987 1956 11.

12 2761 23 2777 “
98 2762 232 2821 Evangelio
243 2761 422 2821 comprobavit.
431 2762 502 2808 Dixit
510 2763 576 2809 enim
583 2764 630 2808 lla-
656 2768 680 2813 et
696 2766 796 2812 dicant:
813 2766 875 2809 Eece
893 2764 951 2821 quia
968 2762 1086 2819 materia,
1109 2761 1134 2805 id
1149 2765 1187 2807 est

99 2829 141 2876 vid
150 2842 158 2876 ι
168 2831 288 2889 Principio
307 2832 395 2876 terram
408 2833 432 2876 tu
450 2831 555 2888 [armasti
561 2862 570 2887 ,
582 2833 630 2893 Do·
656 2835 723 2892 hyle,
732 2833 796 2879 sicut
805 2831 947 2887 Philosophi
958 2829 1056 2886 dicunt,
1064 2828 1138 2873 etiam
1147 2841 1187 2874 se·

97 2900 628 2959 mine‚ctoperumonuumtuarumsuutcoeli.
656 2900 916 2958 cundumScripturam
925 2897 1034 2944 divinam
1043 2896 1187 2943 nonlrabnit

97 2967 630 3028 lpsiperibuot‚tuoutcmpermonee,elom·
656 2969 866 3018 initiumivernm
878 2969 923 3014 hoc
935 2964 1076 3014 dicentibus
1086 2978 1188 3025 respon·
1264 2968 1267 2973 “

96 3038 139 3083 uie
146 3037 631 3092 sicutmstimentumveteruseent,ctiam·
656 3038 739 3098 debis,
751 3039 808 3098 quia
822 3037 943 3096 scriptum
962 3037 1000 3082 est
1011 3049 1018 3081 ε
1030 3038 1092 3082 lirul
1107 3038 1186 3082 auimo

97 3119 172 3165 quum
181 3107 294 3152 amictum
304 3105 405 3152 mutabis
415 3119 458 3160 eo,
470 3107 492 3151 el
502 3105 631 3152 metaoun-
656 3111 715 3156 Gaia
726 3109 845 3168 operarius
854 3109 931 3153 terroe.
943 3107 973 3152 nt
981 3105 1011 3151 de
1024 3117 1053 3152 eo
1064 3103 1106 3163 qui
1114 3104 1187 3151 Jubal

96 3177 155 3221 tur:
167 3177 252 3222 trivero
263 3176 310 3234 ipse
325 3175 501 3231 sustentaturi
518 3187 565 3220 uon
575 3175 631 3232 defi·
656 3178 735 3224 dictus
752 3177 802 3235 est,
820 3175 897 3221 babet
914 3173 1058 3233 Scriptura:
1072 3174 1115 3218 Hie
1135 3175 1188 3220 erut

95 3245 169 3290 cient.
180 3243 248 3300 Quod
263 3244 324 3292 adeo
334 3243 448 3303 probavit
458 3244 485 3289 in
499 3244 630 3302 Evangelio
655 3251 721 3307 pater
732 3249 773 3306 qui
782 3246 947 3292 demonstrauit
960 3245 1097 3303 psalterium
1113 3244 1135 3288 et
1153 3243 1187 3288 ci-

96 3312 234 3372 llominus,
251 3312 281 3360 ut
294 3313 388 3361 diceret
400 3326 408 3359 z
420 3315 508 3361 coetum
526 3316 548 3360 ct
566 3318 630 3362 terro
657 3318 760 3364 tharam.
778 3314 820 3372 Et,
838 3315 913 3360 llomo
932 3315 983 3359 erut
998 3314 1022 3357 in
1035 3311 1187 3357 Ausitidere·

95 3383 327 3442 pretermittimus
338 3386 416 3430 eutem
427 3382 499 3430 verbo
513 3394 561 3430 oon
572 3398 632 3444 proe·
656 3387 734 3445 pione,
744 3386 782 3430 cui
790 3394 875 3428 nomeu
887 3380 940 3426 Job.
952 3378 1072 3425 Desinunt
1082 3388 1141 3433 ergo
1156 3376 1186 3422 de

97 3451 210 3499 teribuut.
221 3452 289 3498 Nihil
300 3452 376 3512 igitur
383 3452 459 3512 agunt
467 3484 474 3510 ,
482 3452 523 3511 qui
532 3454 632 3512 propter
657 3453 731 3500 verbo
752 3450 913 3511 quaestionem
928 3457 1044 3502 movere,
1056 3456 1112 3489 cum
1124 3455 1187 3501 prae·

95 3520 155 3566 coeli
167 3521 326 3568 asserendam
339 3521 547 3580 perpetuitatem,
558 3523 631 3581 quin·
657 3521 741 3567 sertim
760 3516 907 3578 praemiserit
926 3515 1033 3572 Moyses,
1050 3513 1108 3572 quia
1127 3513 1187 3562 iecit

97 3595 152 3641 tum
163 3606 253 3654 corpus
273 3594 409 3642 aethereum
425 3594 631 3642 introducendum
657 3592 722 3637 Deus
739 3589 840 3636 terram.
853 3586 910 3632 Erat
926 3595 998 3642 ergo,
1010 3595 1042 3629 ex
1057 3595 1105 3643 quo
1123 3583 1187 3631 iacta

97 3664 294 3722 putarunt3cnm
301 3664 478 3723 aequevideant
486 3663 632 3711 dissimilem
658 3659 702 3706 est.
714 3658 775 3703 llam
786 3656 807 3703 si
828 3653 882 3702 sine
892 3652 1016 3713 principio
1030 3664 1084 3699 cam
1101 3653 1188 3701 dieunt

55 3782 60 3788 ,
99 3733 196 3780 caetcris
209 3732 352 3791 adiunctam
363 3733 470 3780 membri
484 3732 560 3779 tinius
575 3745 632 3793 por·
658 3725 784 3785 esse,jam
800 3725 937 3772 nonsolum
949 3725 1045 3781 Deum,
1058 3722 1187 3769 sedetiam

97 3800 206 3861 tionem,
223 3801 307 3848 labem
330 3800 426 3861 corpori
444 3801 521 3860 magis
544 3800 632 3847 afferre
658 3797 733 3857 hylen
744 3794 924 3855 sineprincipio
935 3791 1188 3852 diceutes,desmiant

98 3869 266 3917 consuevisse.
278 3868 356 3915 Simul
374 3869 438 3916 illud
448 3868 562 3929 adverte,
575 3870 632 3928 quia
658 3868 759 3915 ubinam
768 3868 829 3914 erat.
840 3865 865 3911 Si
877 3865 902 3910 in
915 3865 967 3910 loco
978 3896 985 3920 ‚
997 3875 1054 3921 ergo
1066 3861 1142 3909 etiarn
1151 3859 1188 3933 lo·

96 3937 222 3996 Propheta
232 3931 314 3985 D‘avid
324 3950 381 3984 cum
391 3937 483 3985 terram
493 3937 570 3997 priori
579 3939 633 3986 loco
659 3949 701 3984 cus
712 3936 766 3984 sine
776 3934 898 3996 principio
910 3933 986 3979 luisse
999 3929 1149 4000 adstruitur,
1162 3933 1187 3997 '.¹¹

96 4005 251 4067 nominavit,
271 4008 297 4055 et
307 4007 393 4068 postea
409 4007 512 4066 coelurn,
527 4008 633 4056 credidit
658 4018 707 4065 quo
725 4006 779 4052 erat
794 4003 896 4050 materia
915 4012 1012 4054 return,
1031 4008 1085 4054 quin
1095 4000 1187 4049 prmu-

98 4086 163 4134 open
170 4086 223 4122 esse
232 4074 331 4122 Domini
340 4073 633 4134 declarandum3qunndo
659 4076 729 4134 pium
747 4085 796 4120 non
814 4071 928 4118 liahobut.
941 4065 1040 4123 Quodsi
1057 4056 1187 4106 absurdum
