2752 4806
479 371 523 418 nu
543 373 710 418 rensuum
729 372 829 416 uronis
846 373 881 416 il.
1183 367 1226 417 sei
1286 359 1290 365 '

92 459 104 475 ·
148 458 318 506 cognoscamus
329 451 471 500 Deumesso
487 451 574 500 bomm
590 452 676 502 aucto·
701 450 752 499 bile
775 453 812 501 est
833 452 859 500 et
877 449 1053 499 irrationabile.
1072 449 1228 500 ilationsbils

92 581 93 585 Ἰ
146 528 201 562 rom
210 517 435 579 moderatoremque
443 513 566 580 omnium,
572 520 677 580 quiem·
701 520 782 578 ipsum
797 519 917 567 diriditur
933 518 998 566 circa
1012 517 1164 566 mentemst
1175 530 1232 572 ωτι,

145 584 222 631 nibus
232 586 343 633 ordinem
355 587 428 636 rebus
438 588 550 648 dederit,
562 590 589 637 et
601 589 677 636 eudi-
701 601 808 636 monem.
825 587 947 636 sensibile
964 587 1017 645 eius
1032 586 1059 634 in
1073 586 1185 634 auditum
1200 588 1228 636 ot

146 651 441 715 risiouedistinxerit,ui
449 656 489 704 bis
497 658 598 716 colligas
605 671 675 717 posse
700 659 796 717 visum,
811 658 902 718 quibus
920 656 979 703 vitae
996 654 1070 713 huius
1085 655 1230 704 'cumulatur

144 719 192 766 tibi
207 721 286 768 Deum
298 723 410 772 conferre
420 738 475 785 ques
491 726 533 786 pie
549 727 674 787 postulas,
701 727 856 785 gratiamur
873 725 933 772 odor
947 724 973 771 et
982 721 1160 783 gustusritalis
1169 734 1229 771 usus

142 790 173 836 et
181 792 343 850 qusespondei
353 792 469 853 implere.
700 794 816 842 ridentur
825 792 991 842 necessarium
1001 790 1111 851 praebere
1119 789 1228 837 ministe-

176 855 214 903 56.
223 857 309 918 itaque
317 860 438 908 Abrabam
446 861 505 921 quia
515 861 674 922 promittenti
700 862 934 922 rium.llares1uqi
955 860 1017 909 datu
1039 857 1229 919 adspirationem

146 924 251 973 Domino
268 929 340 976 terme
355 930 527 978 lraereditatem
540 933 674 991 responde·
699 931 842 991 recipiendo
850 927 1117 989 vitalem,coniinueio
1124 924 1232 986 quodam

145 992 206 1040 rat:
226 996 288 1042 dode
306 1009 444 1060 eoquorcom
461 1000 517 1059 quie
542 999 615 1048 ireres
634 1015 674 1049 ero
699 1000 860 1046 substantians
868 998 974 1046 hominis
983 997 1037 1044 cibo
1045 995 1160 1055 pascunt.
1169 995 1231 1042 Gus-

146 1061 213 1136 mne
224 1061 424 1124 temporinos
434 1067 675 1125 specieslrostisrum
700 1068 739 1114 ius
757 1069 841 1115 autem
858 1067 918 1127 potu
941 1065 1071 1126 epulisque
1087 1063 1237 1123 generatum

125 1185 128 1192 ¹
144 1125 341 1188 informatur,ut
351 1132 436 1179 credat
447 1134 527 1179 Deum
538 1145 591 1180 esse
602 1147 675 1193 snpra
700 1135 805 1193 Quintus
822 1149 881 1184 vero
897 1139 997 1192 sensus,
1012 1133 1059 1180 boc
1074 1133 1125 1191 est,
1136 1133 1231 1191 moins,

145 1197 685 1266 mundum,quiuniversaquaemundisunt·
701 1204 770 1251 reiut
786 1205 910 1251 admixtus
926 1203 964 1251 ost
975 1201 1025 1248 illis
1041 1200 1154 1261 quatuor.
1166 1200 1235 1247 Odor

142 1266 248 1324 provida
266 1267 425 1319 distinctione
439 1268 551 1319 diviserit
567 1271 630 1318 used
645 1284 675 1320 ea
701 1273 727 1318 et
737 1274 822 1333 gustus
832 1273 942 1332 (praedam
953 1271 1030 1330 magis
1039 1269 1157 1317 alimenta
1172 1270 1231 1316 sunl

144 1346 201 1391 quae
217 1336 275 1382 sunt
289 1335 368 1382 divisa
379 1337 468 1384 resolvi
483 1339 580 1398 postea,
592 1352 621 1387 ea
631 1353 675 1387 au·
701 1340 821 1399 corporis,
840 1340 929 1399 quibus
947 1338 1020 1396 liuius
1038 1337 1118 1384 carnis
1138 1335 1230 1383 militis

143 1403 198 1446 tem
209 1414 263 1460 quae
280 1414 330 1449 non
345 1403 402 1450 suni
418 1402 495 1450 divisa
507 1403 582 1464 (eres
592 1407 673 1465 enim,
700 1407 900 1456 subsistitcvisus
909 1418 968 1454 vcro
978 1408 1003 1453 et
1013 1404 1111 1452 auditus
1119 1405 1229 1452 mentem

145 1467 193 1515 boc
202 1470 251 1528 esi,
262 1471 386 1518 turturem
396 1471 624 1521 eioolumbsmnon
635 1475 674 1522 di·
699 1477 824 1534 adjuvent.
836 1478 879 1525 liae
895 1477 953 1524 sunt
970 1474 1104 1522 divisiones
1118 1486 1172 1533 qum
1188 1485 1229 1520 se-

146 1536 221 1598 visit)
246 1551 379 1599 numquam
401 1541 503 1598 resolvi3
521 1540 582 1588 tides
607 1543 673 1590 enim
699 1546 807 1592 cundum
823 1543 1229 1603 carnemnostramanimamquea

55 1627 58 1631 -
146 1605 230 1652 marlei
245 1607 353 1667 integra,
364 1621 418 1667 quae
434 1609 554 1656 columbae
563 1623 631 1659 more
646 1613 673 1659 iu
699 1625 793 1663 summo
802 1615 930 1672 operatore
941 1612 1027 1659 divisae
1038 1609 1105 1656 suut·

143 1673 251 1722 sublime
270 1676 418 1735 subrigitur,
434 1677 540 1725 lustrans
552 1692 672 1739 superna,
728 1681 767 1727 iiii.
779 1681 848 1728 Unde
866 1681 963 1739 oportet
977 1690 1022 1725 nos
1040 1675 1155 1735 colligere
1170 1674 1229 1734 quia

143 1742 172 1786 et
181 1741 332 1800 spiritalibus
348 1744 442 1790 alarum
457 1744 569 1804 remigiis
583 1748 672 1794 coelum
699 1749 776 1796 eiiam
794 1750 842 1796 iste
859 1748 966 1795 mundus
977 1746 1047 1794 velut
1062 1757 1108 1805 per
1118 1743 1229 1790 membra

144 1809 332 1859 circumvolans.
340 1813 439 1860 Turturi
447 1826 543 1873 quoque
553 1826 622 1862 mens
630 1816 673 1862 iila
699 1817 811 1877 quaedam
828 1819 938 1878 gemina,
947 1815 974 1862 et
987 1817 1114 1874 tamquam
1125 1825 1229 1871 αντιπρο-

144 1878 282 1938 coniertur,
294 1893 349 1940 quae
363 1881 415 1928 avis
425 1894 473 1927 usu
484 1881 556 1929 istius
572 1885 675 1932 secretis
699 1901 764 1930 σωπα
772 1887 918 1935 distributus
928 1884 1050 1933 eettterra
1059 1883 1087 1930 iu
1096 1882 1229 1929 mouisset

130 1982 132 1986 .
145 1947 425 2006 alitur,intciiigibilem
434 1949 502 1994 illam
509 1951 535 1995 ei
543 1950 674 1997 indivisam
701 1956 727 2000 in
745 1968 856 2012 campos3
866 1955 896 2002 ut
906 1954 964 2001 sunt
979 1954 1063 2013 paries
1080 1951 1158 1998 uestri
1176 1963 1231 1997 cor-

146 2028 258 2074 quaereus
274 2016 401 2063 Trinitatis
412 2017 588 2075 substantiam,
606 2019 674 2065 retu·
700 2024 767 2081 poris
790 2023 905 2069 elatiores
927 2021 996 2077 aliae,
1018 2019 1073 2065 aliae
1094 2016 1227 2077 planiores.

145 2084 215 2144 giers
224 2085 323 2144 plebem
334 2084 464 2144 quamdam
474 2085 639 2132 creaturarum
650 2089 675 2133 et
693 2091 815 2138 ,liminent
826 2090 943 2149 scupulae,
955 2089 981 2134 et
991 2087 1082 2146 pedum
1091 2085 1233 2143 superiora,

145 2166 268 2214 comoreae
277 2167 303 2201 se
312 2167 361 2207 non
369 2155 475 2201 miscens
483 2156 673 2214 congregationi,
699 2161 739 2207 vei
755 2171 872 2206 manuum
887 2157 982 2204 :latera
997 2165 1056 2202 vero
1071 2154 1098 2200 et
1112 2151 1229 2199 interiore

145 2223 220 2281 atque
235 2223 266 2269 ab
281 2223 348 2270 omni
364 2223 505 2283 passionum
522 2224 578 2271 lube
594 2237 674 2272 secer·
700 2228 818 2286 cervicis,
833 2227 903 2273 velut
918 2225 995 2274 valles
1005 2222 1065 2271 trita
1076 2221 1101 2268 ei
1112 2228 1227 2267 concurs.

145 2304 216 2339 neus.
228 2293 278 2340 iioo
297 2292 443 2340 sacrificium
462 2292 493 2340 de
511 2293 536 2340 te
553 2295 672 2354 poscitur.
699 2297 768 2355 Quod
777 2296 842 2343 eide
849 2297 905 2344 vola
913 2305 1001 2340 munus
1009 2291 1149 2348 intelligere
1158 2288 1228 2336 licei.

145 2361 192 2418 Qui
202 2361 265 2408 tales
275 2362 345 2408 oilert
360 2361 466 2419 hostias,
478 2361 551 2407 iidem
562 2361 589 2408 et
599 2364 674 2409 casti·
699 2367 758 2411 Nam
777 2366 803 2410 in
822 2365 874 2423 ipso
893 2364 1007 2410 calcaneo
1028 2360 1099 2420 pedis
1118 2357 1230 2405 eminere

146 2429 254 2476 moniam
264 2429 367 2485 mentis,
379 2429 545 2488 simplicitatis
556 2431 673 2489 qratiam,
700 2433 762 2489 alia,
781 2431 863 2478 media
883 2432 968 2477 autem
984 2427 1081 2475 sinuata
1102 2437 1156 2472 esse
1174 2424 1229 2484 quis

144 2499 255 2545 caritatis
265 2496 551 2558 etpacisatlecium,ipse
561 2509 587 2544 se
596 2498 674 2546 beatae
700 2501 795 2547 dubitat
802 2500 812 2547 l
820 2502 887 2559 Aqua
898 2497 994 2546 inmari
1004 2498 1080 2553 salsa,
1091 2495 1118 2541 in
1126 2493 1229 2542 ilumino
1327 2527 1329 2529 -

146 2566 214 2613 illius
231 2565 430 2624 terraeaguoscit
446 2564 569 2611 haeredem
587 2580 594 2610 ε
611 2565 675 2614 sicut
700 2568 842 2626 dulcis,vel
852 2565 1003 2614 in-ioniibus.
1013 2564 1054 2612 Est
1063 2575 1106 2610 aer
1116 2562 1227 2622 hyberno

143 2634 223 2681 ostiam
240 2633 359 2679 Dominus
373 2633 483 2691 apertius
499 2633 526 2679 in
543 2635 674 2693 Evangelio
700 2636 815 2696 frigidus,
831 2636 897 2683 veris
917 2635 1043 2681 mensibus
1063 2631 1227 2691 temperatus,

144 2703 281 2750 declaravit
299 2703 383 2748 dicens
398 2704 485 2749 :Beati
500 2703 604 2762 pacifici,
615 2717 674 2763 quo·
700 2706 793 2752 cuiidus
805 2705 897 2753 testate.
909 2705 969 2761 Ergo
980 2703 1027 2750 isia
1042 2701 1127 2748 divisit
1143 2710 1229 2756 opera·
1308 2740 1310 2745 ,

146 2772 213 2817 sciam
220 2772 265 2830 ipsi
271 2768 417 2830 possidebunt
426 2772 522 2816 terram.
700 2773 745 2820 ior.
754 2774 862 2820 dientem
872 2773 955 2820 autem
965 2770 1085 2827 nostram,
1094 2781 1149 2826 quae
1157 2765 1229 2812 modo

101 2836 107 2844 ’
177 2840 216 2886 sl.
236 2840 325 2899 Accipe
349 2839 422 2885 aliam
442 2838 598 2885 divisionem.
616 2839 675 2885 caro
700 2832 1229 2900 avium,virtutnmdiversarumetvigoris

144 2920 242 2969 queque
256 2909 338 2954 nostra
348 2907 401 2966 ipsa
411 2905 457 2952 Dei
474 2905 625 2952 ordinatione
637 2906 675 2952 di·
701 2908 738 2955 sui
747 2908 818 2955 vecta
826 2908 948 2968 remigiis,
957 2917 1031 2965 super
1039 2904 1129 2951 coslum
1138 2900 1228 2958 evolat,

145 2979 199 3023 visa
216 2976 290 3024 babet
306 2975 416 3022 membru
433 2975 590 3022 omnia.1)uo
609 2974 674 3022 oculi
700 2988 748 3023 nou
761 2969 858 3034 divisit}
872 2978 930 3036 quia
940 2973 1054 3021 trinitati
1071 2970 1181 3019 adhaeret
1191 2968 1229 3015 di-

145 3046 216 3105 sunl,
235 3045 301 3091 binae
318 3056 403 3103 aures,
421 3043 476 3090 duae
503 3055 585 3103 genae,
603 3055 675 3090 nares
701 3047 794 3094 videnti
805 3044 953 3104 omnia,soii
965 3037 1234 3097 indivisaeilndopbi·

144 3115 242 3173 dirisae,
249 3113 361 3161 dentium
367 3112 505 3172 geminatus
513 3113 580 3172 ordo,
586 3113 672 3172 ubera,
700 3116 795 3175 losoplri
810 3114 961 3173 superiorem
982 3111 1067 3159 mundi
1081 3110 1156 3167 nujus
1171 3106 1230 3154 sub·

144 3185 259 3244 scopula,
268 3183 460 3242 ma'nus,latcra,
469 3181 571 3242 femora,
581 3195 673 3242 genua,
696 3187 815 3246 ‚sturmium
830 3196 903 3244 quam
919 3183 1011 3230 aeibera
1024 3182 1185 3239 vocant,.nou
1195 3188 1230 3224 ex

145 3263 234 3309 crura,
251 3250 340 3310 pedes3
356 3261 438 3296 nonne
457 3249 515 3295 bina
532 3250 627 3308 omnia,
646 3250 675 3297 ni
700 3256 844 3302 caeterorum
869 3252 1047 3298 elementomm
1071 3247 1158 3296 volunt
1184 3243 1229 3291 ad-

144 3322 250 3368 subnixe
260 3317 390 3378 geminatis
401 3316 516 3365 subsidiis
527 3318 608 3364 omnia
618 3329 675 3364 nos-
700 3322 819 3369 mixiioue
831 3320 941 3383 constare
953 3318 1014 3365 :sed
1025 3315 1192 3376 splendidam,
1202 3314 1229 3359 et

145 3385 675 3435 traobirevideanturoidciuidnimaeiiam
700 3391 777 3436 multo
797 3387 962 3446 refulgentem
982 3385 1090 3441 lumine,
1107 3393 1162 3441 quae
1178 3392 1229 3426 non

149 3456 293 3503 lirisionem
310 3465 408 3500 suarum
423 3453 517 3512 patitur
527 3454 675 3511 portionum.
701 3458 771 3503 terrae
787 3454 928 3511 sordidum,
948 3465 994 3499 nec
1010 3461 1129 3510 aquarum
1148 3448 1230 3494 humi·

152 3523 204 3570 i'um
226 3520 360 3584 διορατικον,
379 3521 426 3568 hoc
447 3521 497 3580 est,
514 3522 640 3580 superiora
651 3521 675 3580 ⁴,
701 3524 773 3582 dum,
789 3534 835 3569 nec
850 3521 913 3567 aeris
927 3520 1086 3577 nebulosum,
1102 3529 1148 3563 rrec
1164 3516 1230 3576 ignis
1257 3569 1258 3574 ¹

151 3591 214 3650 quasi
225 3591 292 3639 oculi
309 3589 410 3649 quidam
424 3587 554 3647 contrarii,
569 3589 676 3635 rationu·
701 3592 778 3651 ipsius
796 3590 897 3637 rutilum
913 3588 1045 3648 quidquam
1058 3586 1176 3645 recipiat,
1194 3597 1229 3634 cx

701 3660 787 3718 quinia
803 3656 906 3718 quadam
918 3651 979 3719 odom
991 3668 1044 3704 esse
1061 3655 1190 3713 adserunt,
1202 3657 1228 3702 et

167 3701 176 3716 ·
186 3697 295 3744 deperiere,
307 3694 380 3742 supple
387 3695 472 3739 anirnae,
482 3693 543 3740 cuius
552 3692 600 3731 ideo
609 3697 677 3741 paries
1002 3726 1007 3736 ,
1067 3725 1071 3736 ,

145 3750 265 3797 superiores
276 3757 316 3786 esse
327 3746 389 3787 dicit.
399 3745 522 3784 facultatem
535 3747 641 3794 coqiiandi
653 3757 676 3784 ac
702 3729 771 3776 vellit
785 3728 910 3776 V⁰l¹l0¹⁰m
924 3727 1009 3774 mundi
1030 3727 1104 3784 liujus
1119 3727 1228 3778 mentelii

146 3800 453 3842 ratiocinandieriaenitarem
462 3799 677 3847 sentiendifqniabis
702 3799 849 3846 velociorem
867 3796 1040 3856 purioremque
1059 3807 1112 3843 0886
1132 3791 1230 3841 θέῐθῐῖῦ

146 3857 258 3905 passiones.
268 3854 311 3893 sire
322 3855 432 3892 tenuitates
446 3853 550 3891 irascendi
562 3857 583 3891 et
592 3862 675 3917 concu-
701 3867 820 3926 partibus·
832 3866 894 3912 Nam
911 3865 966 3913 313ae
980 3865 1064 3912 mixtae
1075 3864 1122 3910 sibi
1134 3863 1158 3908 et
1169 3871 1228 3906 con,

145 3909 240 3958 piscendi
252 3906 539 3949 interioressuni‚aeminus
548 3917 674 3947 necessariae.
1038 3931 1043 3942 .
1065 3932 1069 3941 .
1173 3926 1178 3936 ·
1208 3925 1213 3935 ·

145 3968 192 4017 διώ
205 3955 318 4024 δωραταῷ
328 3979 378 4006 vero
388 3968 411 4004 ,d
418 3967 477 4015 quon
488 3955 600 4017 λογιστικόν
618 3966 676 4008 dixe·
701 3936 775 3983 cretae
786 3932 851 3981 sunt.
863 3934 911 3980 Nos
925 3935 1007 3980 autem
1019 3932 1081 3978 mini
1093 3924 1230 3974 mnterralrs

147 4022 192 4062 rar,
203 4019 243 4058 noc
253 4021 298 4058 roco
308 4018 507 4066 comprehenditur.
544 4045 548 4048 .
702 4002 883 4065 compositionis
902 4001 1013 4052 immune
1029 4000 1101 4055 alliud
1119 3993 1233 4073 illim
