2752 4806
530 411 712 458 APAUHNO
726 411 817 460 vlrl.
1185 413 1205 460 V

129 483 563 559 nrittebatenirnt1·1bunatus,'et
579 491 700 547 diversas
715 492 782 547 alias
793 482 940 562 dignitates
953 491 1003 559 lis,
1015 493 1065 568 qui
1079 493 1158 549 lllum
1169 493 1205 550 de

130 567 251 622 Ecclesia
259 569 385 637 raptum,
396 567 430 621 ad
436 569 563 630 cnsilium
570 569 771 639 perduxissent.
778 569 856 638 Quod
865 584 929 624 cum
935 571 1015 626 multi
1022 574 1203 638 conarentur,

130 644 180 698 sed
188 649 244 700 Deo
252 645 519 715 praesulaperficere
528 663 584 702 non
592 648 726 714 valerent,
736 662 809 702 unus
823 647 960 711 infelicior
971 650 1087 716 catoris,
1095 641 1206 707 nomine

131 724 306 795 Euthymios,
318 726 347 781 in
363 729 471 783 tantum
487 727 610 783 furorem
623 722 759 784 excitatus
774 729 832 794 est,
846 731 877 784 ut
890 729 970 799 juxta
984 730 1134 785 Ecclesiam
1152 730 1206 801 sibl

130 801 242 859 domum
253 807 379 874 pararet,
390 806 474 876 atque
485 806 514 860 in
523 806 621 861 eadem
630 819 741 860 carrum
750 807 946 873 constitueret,
958 821 1014 878 quo
1023 805 1130 863 facilius
1138 823 1206 878 rap·

130 883 205 948 tum,
228 883 431 952 superpositum
453 885 584 954 carpento
604 883 641 938 ad
660 884 789 939 exsilium
800 884 976 954 perduceret.
998 881 1053 940 Sed
1066 887 1207 955 iniquitas

34 994 38 999 -
130 959 193 1026 ejece
203 960 235 1013 tn
245 962 380 1016 verticem
390 963 481 1031 ipsices
493 958 656 1029 descendit5
665 964 731 1031 'post
747 977 852 1017 annum
864 964 969 1018 etenim
981 962 1078 1018 eodem
1093 964 1139 1019 die
1150 978 1207 1035 quo
1230 985 1234 993 ·

130 1037 208 1092 illurn
219 1053 317 1108 rapere
328 1055 358 1095 se
370 1040 572 1107 arbitrabatur,
585 1041 614 1095 in
631 1040 730 1095 eodem
744 1039 876 1109 carpento
888 1040 1048 1110 impositus,
1064 1041 1099 1096 de
1110 1041 1208 1098 eadem

130 1115 211 1170 domo
221 1117 282 1186 ipse
295 1119 330 1173 ad
339 1119 468 1174 exsilium
479 1119 632 1175 destinatus
641 1118 699 1184 est,
708 1119 841 1189 reputans
853 1118 906 1172 sibi
915 1117 991 1188 justo
996 1119 1102 1190 judicio
1110 1121 1161 1176 Dei
1177 1119 1207 1177 nl

130 1193 200 1251 inse
212 1212 272 1252 esse
283 1212 462 1262 conversum,
473 1199 506 1252 ut
524 1197 552 1251 in
565 1210 598 1252 eo
609 1197 740 1266 carpento
752 1196 919 1266 dirigeretur
931 1197 966 1252 ad
977 1198 1119 1264 exsilium,
1130 1199 1205 1270 quod

130 1273 189 1342 ipse
200 1278 346 1343 paraverat
360 1274 509 1329 Sacerdoti.
529 1275 578 1331 cui
593 1288 648 1329 non
659 1274 806 1330 minimum
820 1275 910 1331 solatii
921 1276 1051 1333 Sacerdos
1068 1278 1203 1347 praebuit,
1243 1288 1246 1292 ’

130 1353 221 1408 dando
231 1356 409 1420 sumtus,vel
418 1354 471 1408 alia
481 1349 544 1424 quae
556 1355 635 1409 erant
647 1355 813 1410 necessaria.
1029 1404 1034 1411 ,

166 1434 207 1487 15.
218 1434 272 1488 sed
282 1434 341 1487 baec
350 1431 484 1488 confessio
493 1432 614 1488 bominis
623 1448 676 1489 nec
685 1433 811 1489 mulieris
824 1432 963 1502 furorem,
972 1450 1025 1493 nec
1034 1449 1206 1492 vaesanorum

131 1511 301 1566 arrianorum
312 1511 478 1575 dementiam
490 1512 621 1581 repressit
628 1528 638 1578 ;
654 1512 758 1581 maiore
770 1512 874 1568 etenbn
885 1514 994 1569 accensi
1005 1515 1140 1581 amentia,
1152 1516 1205 1570 ba-

130 1590 236 1643 silicam
252 1589 408 1662 Portianam
425 1588 557 1645 invadere
574 1590 735 1646 nitebantur
749 1605 756 1643 :
770 1591 910 1647 exercitus
927 1592 1013 1647 etiarn
1031 1595 1152 1648 armatus
1170 1595 1207 1648 ad

130 1667 321 1723 custodiendas
331 1666 404 1724 fores
420 1669 548 1724 Ecclesiae
561 1671 603 1725 est
622 1669 765 1735 directus,
783 1671 815 1725 ut
826 1684 907 1725 nemo
918 1671 1036 1726 auderet
1045 1664 1206 1730 catholicam

132 1748 279 1802 Ecclesiam
295 1746 411 1818 ingredi.
425 1747 479 1802 Sed
488 1747 621 1802 Dominus
636 1748 686 1819 qui
703 1747 739 1802 de
754 1747 918 1803 aduersariis
935 1749 993 1803 suis
1007 1750 1134 1804 Ecclesiae
1148 1764 1207 1804 sum

25 1895 28 1900 Ι
131 1826 283 1896 triumphos
300 1825 402 1881 donare
418 1826 576 1891 consuevit,
589 1825 626 1880 ad
644 1825 773 1881 Ecclesiae
791 1841 848 1882 suae
865 1828 1069 1883 munimentum
1085 1829 1207 1886 militum

132 1905 213 1960 corda
224 1906 358 1960 convertit
365 1921 373 1970 ;
385 1907 417 1960 ut
431 1906 535 1960 aversis
547 1904 632 1960 scutis
646 1905 775 1961 Ecclesiae
787 1904 860 1961 fores
874 1909 1034 1972 servarent,
1047 1921 1098 1963 nec
1110 1908 1207 1977 egredi

131 1983 375 2050 dimitterent‚sed
385 1982 493 2053 ingredi
503 1983 652 2038 Ecclesiam
661 1984 772 2053 plebem
781 1982 945 2038 catholicam
953 1984 1068 2040 minime
1077 1985 1207 2053 probibe-

132 2064 203 2120 rent.
221 2064 275 2120 Sed
289 2077 340 2119 nec
356 2063 409 2120 hoc
419 2062 485 2118 satis
500 2064 565 2126 erat
574 2062 664 2118 missis
678 2061 829 2130 militibus,
844 2061 898 2117 nisi
910 2063 994 2118 etiam
1009 2076 1060 2131 pro
1073 2061 1206 2119 catbolic'a

132 2142 186 2198 lide
195 2144 344 2215 cumplebe
352 2142 457 2213 pariter
465 2141 658 2197 acclamarent.
669 2143 726 2196 lloc
735 2139 765 2197 in
773 2143 897 2212 tempore
905 2141 1204 2213 primumantipbonae,

132 2222 242 2293 hymni,
260 2238 293 2277 ac
305 2221 406 2292 vigiliae
422 2221 450 2276 in
461 2219 581 2280 Ecclesia
595 2220 790 2281 Mediolanensi
806 2221 941 2276 celebrari
956 2221 1110 2290 coeperunt.
1123 2221 1206 2288 Cuius

132 2301 298 2368 celebritatis
310 2300 419 2357 devotio
429 2315 518 2372 usque
529 2301 559 2356 in
572 2300 740 2356 hodiernum
751 2299 827 2354 diem
838 2315 892 2354 non
904 2299 993 2355 solum
1004 2299 1033 2352 in
1044 2297 1141 2353 eadem
1152 2301 1206 2353 Ec·
1274 2368 1275 2376 ἵ

132 2380 229 2447 clesia,
242 2395 340 2436 vemm
350 2394 400 2451 per
409 2393 503 2435 omnes
511 2393 583 2450 pene
592 2377 749 2434 Occidentis
759 2378 914 2447 provincias
924 2378 1025 2430 manet.

166 2460 207 2513 lt.
221 2463 273 2514 Per
282 2459 355 2514 idem
364 2461 472 2530 tempus
481 2457 570 2512 sancti
581 2456 717 2525 martyres
728 2455 866 2510 Protesius
875 2454 903 2510 et
912 2455 1058 2510 Gerrasius
1069 2470 1098 2511 se
1109 2458 1206 2512 Sacer-

131 2537 188 2609 doti
205 2539 406 2593 revelaverunt.
429 2537 513 2590 Erant
535 2533 610 2589 enirn
635 2534 664 2588 in
680 2534 794 2590 basilica
810 2534 908 2610 positi,
927 2533 956 2587 in
973 2549 1029 2604 qua
1043 2536 1108 2588 suut
1124 2534 1207 2591 bodie

132 2614 1205 2687 corporallaboriset'Felicismartyrum:sedsanctimartyresNaboretEelix

80 2692 88 2700 '
132 2695 312 2750 celeberrime
332 2695 594 2765 frequentabantur,
608 2693 723 2749 Protasii
737 2708 804 2751 vero
815 2695 844 2749 et
860 2693 983 2750 Gervasii
1000 2696 1154 2763 martyrum
1173 2696 1207 2749 ut

134 2773 307 2839 nomina,ita
316 2772 400 2844 etiam
408 2773 534 2843 sepulcra
543 2772 682 2842 incognIta
693 2772 827 2838 erant,in
835 2773 944 2826 tantum
952 2771 984 2826 ut
992 2786 1075 2840 supra
1084 2772 1206 2842 ipsorum

132 2852 258 2920 sepulcra
269 2852 441 2908 ambularent
450 2864 559 2916 omnes,
571 2850 621 2920 qui
629 2850 733 2905 vellent
741 2848 776 2904 ad
786 2850 922 2904 cancellos
932 2848 1093 2917 pervenire,
1106 2849 1206 2918 quibus

132 2933 288 2986 sanctorum
298 2930 411 2986 Naboris
420 2929 551 2984 et-Felicis
565 2929 720 2998 martyrum
729 2927 763 2982 ab
775 2927 876 2996 injuria
887 2927 1014 2998 sepulcra
1023 2926 1207 2982 defendebar·
1269 2993 1274 2998 ⁵

34 3026 35 3031 ¹
132 3012 188 3063 tur.
201 3009 254 3065 Sed
264 3009 312 3064 ubi
323 3009 480 3064 sanctorum
489 3009 642 3077 martyrum
653 3019 767 3076 corpora
778 3007 842 3060 sunt
851 3006 995 3072 levata‚et
1004 3006 1032 3060 in
1042 3006 1208 3076 lecticispo-

132 3084 1208 3156 sna,multorumibisanataeaegntudinesperdocentur.uacuseltamseverm

134 3168 244 3224 nomine
252 3208 260 3234 ‚
269 3168 317 3238 qui
329 3181 403 3222 nunc
415 3166 541 3238 usquein
552 3164 650 3220 eadem
660 3165 774 3220 basilica
784 3179 847 3235 quae
858 3164 1164 3230 diciturllmbrosiana,
1177 3163 1206 3220 in

133 3260 217 3315 quam
234 3248 384 3316 Martyrum
403 3258 518 3315 corpora
533 3244 599 3298 sunt
614 3242 761 3308 translata,
776 3241 905 3311 religiose
919 3241 1021 3307 servit;
1035 3242 1085 3296 ubi
1101 3243 1207 3313 vestem

134 3328 286 3395 nrartyrum
295 3323 406 3394 adtigit,
419 3324 512 3379 statim
521 3323 616 3376 lumen
626 3321 741 3392 recepit.
752 3320 869 3375 Obsessa
878 3320 962 3375 etiam
971 3333 1085 3389 corpora
1099 3319 1209 3388 aspiri-

134 3404 208 3458 tibus
219 3401 367 3457 immundis
381 3403 491 3466 curata,
504 3412 612 3456 summa
624 3397 787 3469 cumgratia
802 3397 914 3452 domum
924 3398 1095 3465 repetebant.
1108 3397 1162 3452 sed
1172 3397 1216 3454 iis·

81 3538 86 3544 ,
134 3479 275 3538 beneficiis
285 3481 437 3551 martyrum
448 3479 621 3548 inquantum
632 3477 775 3533 crescebat
785 3474 853 3530 tides
864 3474 993 3529 Ecclesiae
1006 3474 1163 3543 catholicae,
1176 3477 1205 3532 in

134 3562 242 3615 tantum
252 3557 424 3614 arrianorum
433 3555 547 3626 perfidia
555 3555 742 3610 minuebatur.
793 3616 796 3618 ,
1204 3553 1207 3556 “

168 3640 209 3693 lt.
225 3637 351 3707 Denique
366 3652 401 3692 ex
414 3637 466 3690 boc
483 3635 605 3703 tempore
620 3632 711 3688 sedari
728 3631 814 3701 coepit
827 3632 999 3702 persecutio,
1014 3645 1078 3702 quae
1091 3633 1206 3690 Iustinae

135 3716 227 3771 lurore
240 3709 458 3780 accendebatur,
470 3715 503 3768 ut
515 3711 645 3768 Sacerdos
656 3710 690 3766 de
706 3710 828 3766 Ecclesia
842 3711 1002 3780 pelleretm.
1015 3713 1117 3768 'lamen
1133 3713 1206 3768 intra

135 3792 421 3861 palatiummultitudo
431 3791 604 3846 arrianorum
613 3790 790 3846 cumlustina
799 3788 1207 3845 constitutaderidebattantam

135 3872 184 3925 boi
193 3870 419 3941 gratiam‚quam
428 3870 554 3925 Ecclesiae
563 3869 843 3925 catholieaebominus
851 3870 931 3925 lesus
939 3867 1046 3926 meritis
1054 3869 1206 3936 martyrum

134 3963 247 4004 suorum
260 3947 384 4004 conteme
394 3948 573 4020 dignatusest
586 3965 593 4003 ε
605 3948 849 4017 venerabilemque
859 3946 951 4002 virum
960 3944 1134 4002 Ambrosium
1143 3955 1208 3996 nar-

133 4029 215 4086 rabat
225 4029 343 4098 pecunia
358 4042 529 4098 comparasse
540 4027 680 4096 homines,
694 4028 742 4098 qui
754 4025 890 4104 serenari
899 4025 934 4082 ab
946 4022 1094 4080 immundis
1104 4018 1208 4090 spiriti-
