2752 4806
134 428 165 480 98
521 418 651 468 δΛΝὒΤΙ
669 410 845 463 6113110811

135 512 265 576 66661,61
277 509 331 562 sine
344 504 430 557 iraude
440 503 515 567 atque
525 502 660 554 6116661666
686 496 747 545 6161
756 502 906 553 eorumque
914 486 1022 550 adspicit
1028 486 1133 566 aiecius
1142 482 1221 533 inter»

134 574 495 646 aliquutorpurisdorirautur.
685 578 752 625 pres.
773 562 875 624 Spectat
896 558 977 607 oculis
997 556 1068 605 ortus
1086 556 1221 613 obitusque

164 654 203 703 ii.
214 654 255 700 list
263 648 338 698 etism
346 658 394 695 non
403 639 661 703 mediocrisscnsusla
686 635 836 694 signorum,
859 627 931 676 ridet
949 624 1124 673 ornamentum
1149 622 1219 679 cuir,

134 724 216 785 iactu,
225 723 299 781 atquo
308 721 337 765 16
346 729 376 765 eo
387 713 500 773 voluptas
509 710 661 772 pmttseima,
687 703 794 749 miratur
802 698 931 747 stellmum
941 695 1028 754 66666,
1038 693 1151 759 fulgores
1160 701 1220 749 quo·

133 777 662 846 sincerumuueludiclum.l’leruasqueenim
687 783 737 830 que
760 766 874 816 diversos
901 761 1022 821 iutelligit
1047 760 1219 820 singulorum,

134 848 663 920 mmupmbamusffiussoeulisprolaaronon
687 825 1219 913 quaudolsosporussurpatiquandoluclier:

134 938 274 991 6666666.
688 907 786 956 carlile
800 903 974 965 vespertinus,
987 897 1221 949 lucmatutlnusir-

164 996 205 1046 ea.
220 993 373 1044 Postremum
388 999 487 1052 quoque
502 983 612 1034 elicium
627 980 665 1029 est
688 976 784 1023 radiata
795 986 857 1034 quos
867 973 949 1020 motus
964 971 1035 1019 orion
1046 968 1154 1027 166661,
1163 978 1222 1027 quos

135 1064 186 1114 oris
201 1064 244 1112 aut
253 1063 362 1122 lime,
377 1057 444 1119 quod
455 1059 540 1103 166666
551 1051 665 1099 omnibns
690 1047 750 1092 luna
760 1041 875 1091 deiectus
886 1038 1111 1101 :quemadmodum
1121 1037 1159 1085 sol
1168 1046 1222 1084 mos

136 1135 203 1182 vires
210 1132 342 1180 66616661.
351 1129 411 1176 tiam
422 1137 504 1187 neque
518 1122 583 1170 oculi
598 1120 665 1179 vigo·
688 1113 755 1161 norlt
764 1124 879 1168 6666666,
892 1110 1013 1157 circuitus
1025 1118 1128 1167 quoque
1138 1116 1223 1153 cursus

136 1213 191 1250 rem
208 1197 312 1248 ridendi
330 1196 463 1250 haberent,
483 1192 533 1238 nisi
546 1187 665 1236 virtutem
689 1182 727 1229 sui
736 1181 890 1229 solemnitate
899 1178 1031 1226 custodiat.
1040 1175 1152 1255 audiunt
1160 1185 1219 1234 666-

137 1266 281 1317 sulsstsntiae
295 1262 428 1324 corporalis
442 1257 596 1318 acciperent,
611 1266 666 1315 qun
689 1260 737 1308 que
748 1250 985 1295 animaatcscnteras
995 1277 1003 1304 ‚
1012 1244 1124 1303 sedunis
1133 1242 1222 1303 preter

139 1336 194 1385 cibo
205 1335 316 1393 daie-rtur
327 1331 434 1391 etpotu,
448 1338 531 1386 neque
543 1335 667 1372 auresau-
690 1319 816 1366 hominem
830 1316 955 1364 audiendo
966 1312 1108 1393 cognosclii
1123 1310 1221 1360 Secreta

138 1404 224 1453 diendi
233 1436 241 1464 ,
251 1405 374 1451 autnaros
384 1397 516 1454 odorandi,
528 1395 570 1442 aut
580 1404 666 1440 nunus
690 1386 818 1446 sapientiae
828 1386 895 1432 solus
905 1385 1020 1432 laomoea
1027 1382 1221 1441 6666666666-

138 1473 270 1537 tangendi,
279 1472 328 1520 nisi
336 1480 425 1529 corpus
432 1478 504 1514 omne
515 1462 666 1512 contestetur
691 1455 760 1502 silius
770 1468 825 1514 quaa
834 1455 860 1502 in
872 1452 1025 1508 1666166661,
1036 1450 1129 1500 auditu
1137 1449 1165 1499 st
1173 1461 1222 1498 aas·

139 1542 273 1589 alimentis.
282 1536 490 1588 Deilclmuscnlm
498 1530 667 1589 viribus‚nisi
691 1524 811 1573 ditatione
835 1526 862 1571 et
884 1521 1017 1583 prudentia
1041 1519 1157 1579 callim.
1181 1517 1222 1581 qui

140 1621 182 1658 cas
193 1608 243 1657 cibi
260 1605 423 1667 competentis
437 1600 581 1649 assiduitate
595 1610 666 1655 repa·
676 1585 772 1655 *posca
782 1593 988 1642 dicereailudiam
998 1591 1059 1649 auid
1070 1591 1187 1652 loquatur
1195 1590 1222 1637 la

140 1691 233 1727 remus.
251 1676 363 1736 Denique
386 1672 494 1721 coniecti
511 1672 576 1716 lame
593 1666 667 1714 nullis
692 1664 862 1710 6611661666
872 1664 947 1709 Deus.
959 1662 1010 1708 lloc
1021 1661 1059 1708 est
1069 1660 1221 1720 pretiosissi-

138 1747 294 1796 oblectantur
307 1735 667 1798 sensuumrolnptatinus,sed
692 1745 776 1790 mum,
798 1731 864 1792 quod
887 1731 961 1778 tomo
980 1729 1075 1777 dirlnoe
1094 1729 1167 1777 vecie
1190 1728 1221 1775 ιιι

140 1816 211 1878 quasi
224 1814 334 1863 exsortes
345 1822 433 1859 corum
449 1807 609 1857 delinimenta
619 1817 666 1853 non
693 1812 827 1859 organum,
838 1801 865 1847 et
872 1798 1042 1859 corporalibus
1051 1798 1131 1847 laliils
1142 1795 1222 1859 expil-

141 1883 263 1933 scutiuni.
693 1869 738 1916 mit
753 1866 1220 1926 ooelesteoraculum,sicutllludsst=

172 1951 211 1999 66.
223 1949 286 2010 Quid
296 1960 342 2008 ero
351 1945 489 1995 describam
498 1942 609 1991 dentium
617 1941 669 1990 rai·
693 1940 785 1987 Clamo.
804 1940 866 2000 Quid
884 1935 1007 1985 6166661661
1017 1937 1103 1985 &aab
1117 1937 1223 1997 666616·

141 2020 195 2068 lum
204 2051 212 2079 ,
222 2030 273 2080 quo
283 2013 506 2070 cibuscontlcliur‚
518 2012 544 2059 ct
554 2011 634 2070 plenas
642 2010 669 2056 sit
692 2019 759 2054 aum.
771 2007 872 2066 Accepit
890 2005 1075 2066 6666616661,
1091 2005 1121 2052 et
1134 2006 1222 2053 clama-

71 2089 74 2094 '
140 2088 211 2138 vocis
236 2083 459 2148 666666161066
478 2081 533 2127 sine
553 2080 669 2126 dentilms
693 2075 739 2122 vlt.
749 2074 803 2123 sibl
811 2075 919 2122 habeant
928 2074 1087 2134 prudentiam
1102 2073 1220 2135 6666661

142 2155 259 2204 alimonia
269 2149 420 2202 deiectarcti
430 2148 542 2206 11661666
559 2148 607 2194 mvi
618 2158 668 2192 ma·
694 2144 749 2190 coeii
760 2146 932 2205 terrarumque
951 2145 1030 2204 spatia
1045 2143 1119 2192 radio
1134 2144 1222 2193 descri-

141 2225 209 2273 turos
233 2224 379 2285 plenumque
407 2215 532 2266 cernimus
549 2215 596 2261 hoc
615 2214 668 2272 ipso
694 2211 765 2260 bunt.
780 2212 833 2260 sliat
848 2213 956 2261 habeant
968 2213 1130 2261 intellectum
1146 2226 1223 2273 suum,

142 2294 217 2341 citius
224 2301 369 2347 senescere,
379 2284 546 2348 quodamissls
554 2283 670 2330 dentibus
694 2280 724 2328 66
739 2294 788 2341 quo
806 2282 867 2330 dicit
887 2283 1007 2330 Dominus
1018 2295 1026 2328 ι
1037 2284 1071 2330 li'i
1082 2284 1221 2332 6661166166

141 2363 235 2410 nullam
245 2362 338 2421 possint
350 2358 400 2406 cibi
410 2355 529 2404 virtutem
544 2351 670 2400 validioris
692 2352 841 2409 prudentiam
858 2352 997 2412 reprobato.
1008 2352 1094 2412 Neque
1111 2363 1224 2401 numeras

142 2431 280 2478 adsumere.
304 2429 362 2476 ideo
381 2427 450 2473 mata
470 2423 589 2481 tutantia,
611 2421 670 2481 quia
695 2418 1116 2479 orationisacmodos,etmodulos
1126 2422 1223 2470 musicu

141 2510 192 2546 non
203 2499 279 2544 hahet
286 2498 366 2544 adduc
377 2504 494 2554 organum
502 2490 579 2538 vocis.
695 2489 822 2548 sapientie
833 2490 979 2539 constituam
990 2491 1016 2538 16
1030 2492 1085 2538 loco
1098 2491 1165 2541 seed
1174 2500 1223 2539 661

172 2566 211 2613 67.
223 2567 323 2625 Linguae
331 2554 433 2624 666666
441 2573 490 2608 666
498 2572 583 2607 sonum
594 2561 622 2606 16
633 2560 671 2606 lo-
695 2558 840 2617 saplontiam
858 2559 961 2618 definio,
979 2559 1011 2607 de
1021 2571 1071 2620 qua
1086 2559 1153 2609 dicit
1168 2561 1221 2607 ltro-

142 2635 255 2695 queudo,
275 2633 319 2681 sed
334 2634 410 2679 etiarn
427 2629 453 2676 in
464 2627 561 2675 edendo
581 2640 671 2675 munus
695 2628 769 2686 piretu
781 2640 788 2674 a
799 2631 923 2677 inminet
934 2631 1024 2677 occulta
1037 2631 1165 2691 66616666
1178 2632 1220 2679 iso

142 2697 671 2764 pretiosissimnmcstEsenlmrelutplec·
695 2696 851 2755 manifestasti
860 2698 927 2744 milii.

141 2772 352 2833 immimentis,
366 2771 391 2817 61
401 2768 514 2829 quasdam
525 2766 623 2815 edentis
634 2768 671 2815 cst
725 2764 764 2812 68.
775 2765 840 2824 Quid
849 2768 932 2814 autern
943 2767 1029 2827 loquar
1036 2765 1067 2815 de
1074 2767 1223 2826 6666166616,

141 2854 240 2902 manus,
258 2854 314 2901 ques
329 2839 481 2887 detinentem
491 2837 575 2884 cibum
590 2836 670 2884 denti·
694 2835 760 2892 quud
777 2836 879 2894 pietalis
896 2838 922 2884 et
939 2835 1048 2885 caritatis
1058 2835 1100 2884 est
1121 2833 1224 2898 pignus!

141 2910 188 2958 laus
199 2910 306 2971 suggerit
322 2911 348 2956 et
359 2905 491 2954 ministrat.
503 2907 557 2952 Vox
573 2919 670 2965 quoque
694 2904 840 2952 oscuiantur
850 2918 876 2953 ss
888 2906 1057 2965 6166166666,
1068 2906 1116 2954 666
1128 2906 1186 2967 quid
1195 2903 1223 2952 ad

142 2979 207 3026 aeris
226 2977 332 3038 quodam
342 2974 571 3034 mutilarentur,
588 2974 671 3032 siper
696 2973 796 3020 humani
808 2975 885 3021 osculi
897 2974 1074 3032 venustatem,
1086 2973 1223 3035 queamlcl·

142 3046 216 3093 iuane
240 3045 367 3105 portatur,
394 3043 530 3102 eademque
557 3043 595 3090 vis
616 3056 670 3104 qnae
695 3042 843 3103 tininsipue
859 3042 1070 3102 humanitatisque
1087 3043 1222 3104 prestulari,

93 3151 95 3155 .
143 3104 594 3172 aercmverberat,nunocommovet,
603 3124 670 3159 nune
695 3110 721 3156 in
737 3123 786 3169 quo
801 3114 882 3171 plonae
893 3111 1004 3159 caritatis
1014 3111 1099 3159 tidelis
1110 3110 1222 3172 caprini-

143 3182 268 3231 demulcet
283 3181 406 3229 audientis
424 3180 557 3239 allectum,
578 3180 668 3227 iratum
695 3178 736 3226 tur
751 3181 870 3229 alectus?
885 3182 955 3229 Unde
978 3181 1004 3228 ct
1024 3181 1149 3230 Dominus
1160 3180 1222 3231 reiut

141 3251 252 3311 mitigat,
263 3250 367 3297 tractum
377 3248 469 3309 erigit,
481 3249 574 3295 solatur
585 3248 671 3297 dolen·
695 3249 798 3309 prodigii
808 3262 884 3308 genus
892 3249 917 3295 in
925 3249 1051 3308 proditore
1058 3250 1222 3298 condemnans

141 3320 202 3368 tern.
211 3316 328 3379 Sitigiiur
336 3317 532 3364 nobiscanorum
540 3330 670 3365 commune
695 3318 729 3365 ait
741 3321 819 3367 :iada
826 3351 835 3377 ,
847 3321 923 3367 osculo
931 3319 1019 3366 Filiam
1027 3319 1135 3368 dominia
1142 3315 1223 3367 1666161

141 3399 198 3436 cum
213 3387 308 3434 aribus.
324 3382 372 3433 sed
383 3382 448 3446 apud
458 3397 532 3446 quem
547 3398 596 3445 quo
607 3399 669 3434 sono
695 3388 740 3434 hoc
752 3391 803 3447 est,
822 3388 932 3435 caritatis
942 3388 1039 3447 insigne
1056 3388 1185 3436 convertis
1194 3384 1221 3433 ad

141 3458 209 3504 vocis
220 3457 317 3516 utatur,
327 3456 392 3515 quod
404 3456 442 3502 est
452 3454 612 3515 rationabile,
621 3468 670 3503 non
694 3457 790 3515 signum
809 3457 955 3516 proditionis
971 3457 997 3504 ct
1014 3456 1175 3505 infidelitatis
1187 3454 1222 3503 ia-

141 3526 223 3585 potcst
240 3536 297 3572 cum
307 3524 422 3571 omnibus
432 3524 599 3572 animantibus
607 3525 670 3572 irra·
694 3526 787 3573 dicium
798 3526 808 3574 t
818 3527 886 3574 l’aeis
904 3527 951 3572 hoc
969 3526 1075 3586 pignore
1098 3526 1179 3575 uteris
1195 3522 1222 3571 ad

140 3593 303 3642 tiouabiliims
329 3593 426 3641 seilicet
454 3605 508 3641 esse
529 3606 669 3642 commune.
694 3595 802 3643 silicium
826 3594 997 3644 crudelitatis?
1022 3596 1130 3644 Bestiali
1150 3594 1221 3657 nitu

41 3658 44 3663 ⁴
139 3662 200 3710 Nam
218 3662 308 3722 stipsi
326 3674 413 3709 sensus
428 3673 580 3711 communes
598 3664 670 3711 nobis
694 3663 741 3711 oris
752 3665 867 3724 obsequio
875 3663 1117 3723 inierantcmpotIus
1126 3672 1221 3720 666661,

139 3732 198 3779 sunt
217 3743 274 3778 cum
300 3729 470 3778 animantibus
480 3731 578 3779 ceteris
598 3745 605 3777 τ
625 3732 669 3779 666
693 3744 767 3792 quam
783 3733 893 3780 caritatis
907 3732 1000 3778 ioedera
1016 3729 1178 3780 deserentem
1189 3729 1221 3779 dl·

140 3800 279 3848 tamennon
286 3798 373 3846 eadem
382 3798 420 3845 iris
428 3800 522 3846 caeterae
531 3800 669 3848 animantes
693 3800 757 3848 rinae
767 3801 849 3861 arguit
858 3800 926 3848 vocis
936 3800 1044 3847 oraculo.
1053 3800 1121 3848 11166
1129 3808 1221 3861 quoquc

139 3866 262 3916 industria
269 3861 381 3914 utuntur.
390 3865 469 3924 striati
478 3865 568 3913 bucula
579 3866 610 3913 ad
619 3879 669 3914 coe·
693 3870 859 3929 praecipuum,
879 3868 947 3929 quod
976 3867 1022 3916 soli
1044 3867 1163 3916 homines
1184 3876 1220 3914 oro

138 3933 193 3983 lum
209 3935 308 3992 oculos,
322 3933 366 3980 sed
379 3932 441 3994 quid
456 3933 552 3993 spectet
563 3932 667 3992 ignorat.
694 3938 933 3998 exprimimus,quae
946 3937 1019 3984 corde
1028 3936 1163 3985 sentimus.
1178 3936 1221 3985 lts·

141 4003 243 4063 litigant
260 4001 332 4062 ierac,
348 4003 447 4062 erlguat
463 4014 539 4061 avos,
552 4004 669 4051 omnibus
693 4017 742 4065 qno
763 4005 924 4066 cogitationes
944 4003 1028 4053 actia
1048 4005 1159 4064 mentm,
1177 3999 1222 4050 oris

143 4075 180 4124 osi
196 4073 261 4123 iiber
270 4071 401 4134 adspectus
411 4083 419 4118 s
431 4071 475 4120 sed
490 4071 536 4119 soli
547 4072 612 4122 inest
625 4056 683 4121 lao·⁴
694 4086 806 4123 sermone
823 4074 961 4135 signantur.
976 4073 1043 4134 666
1062 4074 1222 4136 6611616666
