2752 4806
214 400 259 455 tn
600 407 726 452 sanem
744 400 911 455 nunaosrr
982 458 985 464 .

215 505 231 534 n
242 486 328 556 geris,
339 486 387 556 qui
400 484 466 541 dicit
475 484 524 540 soli
533 500 539 538 :
548 486 608 550 Sta,
620 486 648 540 ct
658 485 720 538 stat.
730 504 744 531 a
754 481 832 550 Quod
841 494 892 549 ego
901 477 963 534 idco
971 474 1065 551 posui,
1078 476 1108 530 ut
1117 470 1290 551 eujusiamaa

211 559 300 617 tuerit
308 563 350 618 vir
361 564 472 617 sanctus
481 562 565 618 etiam
571 561 644 631 apud
652 561 783 615 barbaras
793 560 904 628 gentes,
916 554 1039 624 legentes
1048 553 1205 623 agnoscant.
1217 555 1290 606 Nam

214 643 243 694 et
255 654 319 706 nos,
332 640 470 697 referente
478 640 581 710 iuvene
593 639 712 710 quodam
731 635 887 706 Arbogastis
904 632 1051 688 admodum
1063 630 1206 700 religioso,
1218 644 1287 701 cog-

215 718 354 783 norimus,
364 718 413 788 qui
424 720 492 771 tunc
501 717 643 782 interfuit;
655 714 800 772 eratenim
811 712 840 768 iu
852 715 991 783 tempore,
1001 724 1056 781 quo
1065 710 1124 765 haec
1135 709 1289 779 loqueban-

215 800 277 862 tur,
289 797 347 851 vini
363 797 498 851 minister.

248 877 291 929 bl.
305 874 446 929 Profectus
455 874 549 944 itaque
558 873 688 928 Sacerdos
697 873 731 928 de
740 871 845 927 Tusciae
853 871 993 941 partibus,
1003 868 1185 924 Mediolanum
1193 880 1310 935 revera=

215 953 297 1019 titur,
306 954 363 1023 jam
375 952 440 1007 inde
450 967 561 1023 egresso
573 952 697 1022 Eugenio
711 953 806 1005 contra
816 949 998 1025 Theodosium
1005 963 1013 1014 ;
1026 948 1066 1002 ibi
1079 946 1220 1003 christiani
1232 945 1289 1000 im·

216 1032 349 1100 peratoris
360 1032 569 1100 prestolabatur
581 1030 745 1094 adventum,
758 1043 871 1084 securus
888 1028 922 1082 de
939 1027 990 1082 Dei
1009 1026 1131 1096 potentia
1145 1025 1219 1095 quod
1235 1039 1289 1080 non

216 1109 337 1164 traderet
354 1105 513 1163 credentem
530 1109 559 1162 in
576 1123 606 1163 se
623 1108 779 1162 hominibus
791 1105 916 1176 injustis,
929 1120 980 1160 nec
995 1106 1165 1175 relinqueret
1181 1103 1289 1174 uirgam

216 1189 393 1255 peccatorum
405 1201 488 1254 super
497 1189 598 1241 sortem
607 1187 759 1254 iustorum,
772 1199 807 1239 ne
818 1183 999 1239 extenderent
1007 1183 1075 1253 justi
1086 1182 1121 1236 ad
1130 1182 1291 1253 iniquitates

138 1323 141 1330 ,
217 1278 315 1320 manus
334 1278 407 1318 suas.
434 1265 599 1319 Promiserat
613 1264 689 1319 enim
707 1264 872 1332 Arbogastes
888 1263 956 1316 tunc
973 1275 1078 1326 comes,
1098 1262 1125 1315 et
1146 1261 1291 1317 Flavianus

217 1340 364 1410 praelectus
372 1342 523 1398 Mediolano
532 1342 715 1413 egredientes,
726 1355 790 1395 oum
799 1341 916 1395 victores
922 1340 1027 1395 reversi
1035 1341 1141 1404 essent,
1151 1340 1291 1395 stabulum

217 1434 249 1476 se
259 1435 320 1477 esse
336 1421 456 1477 lacturos
474 1422 502 1475 in
520 1421 633 1476 basilica
650 1420 777 1475 Ecclesiae
794 1419 1000 1474 Mediolanensis
1017 1420 1101 1489 atque
1113 1419 1227 1474 clericos
1238 1420 1289 1474 sub

218 1501 302 1554 armis
313 1503 475 1571 probaturos
487 1517 494 1555 :
507 1499 556 1556 sed
574 1498 723 1555 miserandi
740 1499 865 1554 homines
882 1512 947 1553 cum
963 1498 1133 1553 daemonibus
1147 1499 1204 1553 suis
1218 1499 1291 1554 male

219 1578 325 1634 creduli
337 1581 414 1645 sunt,
428 1581 457 1635 et
470 1579 599 1650 aperi-unt
610 1593 639 1632 os
651 1593 733 1633 suum
752 1577 780 1630 in
795 1576 992 1647 blasphemiam
1010 1576 1083 1645 apud
1094 1577 1196 1642 Deum,
1215 1591 1292 1646 spem
1321 1607 1327 1615 ·

112 1707 118 1717 ,
219 1657 272 1711 sibi
282 1658 405 1714 victoriae
417 1659 591 1715 ademerunt.
602 1660 688 1713 Causa
699 1659 793 1712 autem
804 1656 992 1710 commotionis
1003 1657 1062 1710 haec
1074 1655 1141 1722 init,
1151 1655 1217 1727 quia
1226 1671 1291 1711 nru-

220 1749 287 1791 nera
296 1735 468 1806 imperatoris
477 1738 526 1808 qui
535 1751 565 1792 se
574 1735 719 1809 sacrilegio
730 1734 894 1799 miscuerat,
904 1734 938 1788 ab
948 1735 1067 1789 Ecclesia
1076 1734 1291 1803 respuebantur,

220 1827 272 1867 nee
284 1813 380 1868 orandi
389 1815 429 1868 illi
442 1829 506 1869 cum
518 1814 640 1869 Ecclesia
649 1813 766 1869 societas
777 1813 961 1874 tribuebatur.
972 1811 1025 1867 Sed
1036 1813 1169 1868 Dominus
1177 1814 1226 1883 qui
1238 1817 1292 1869 Ec-

221 1891 332 1946 clesiam
343 1906 422 1948 suam
436 1894 510 1949 tueri
525 1893 683 1958 consuevit,
696 1893 731 1946 de
742 1893 813 1946 coelo
828 1892 965 1960 jaculatus
981 1892 1023 1945 est
1039 1891 1187 1960 judicium,
1209 1893 1298 1963 atque

220 1983 329 2024 omnem
345 1971 488 2027 victoriam
501 1971 536 2026 ad
549 1971 710 2040 religiosum
729 1970 924 2038 imperatorem
942 1969 1082 2023 transtulit
1100 1968 1296 2027 Theodosium..

221 2047 345 2103 Extincto
355 2050 450 2121 itaque
458 2051 581 2122 Eugenio
592 2051 811 2120 satellitibusque
820 2049 892 2119 ejus,
904 2063 971 2121 curn,
978 2049 1079 2118 scripta
1089 2048 1225 2119 acciperet
1237 2050 1292 2104 im-

221 2126 368 2194 peratoris,
383 2141 437 2181 non
455 2129 494 2182 illi
513 2130 566 2184 alia
579 2143 647 2183 cura
662 2130 749 2197 major
764 2127 832 2193 tuit,
844 2141 927 2198 quam
942 2128 975 2181 ut
986 2141 1037 2196 pro
1052 2126 1086 2180 iis
1100 2127 1291 2194 interveniret,

221 2217 290 2273 quos
298 2206 391 2260 reatus
402 2205 553 2261 invenerat.
564 2206 729 2260 Obsecratus
739 2207 779 2260 est
790 2207 880 2275 primo
889 2205 997 2273 scriptis
1009 2205 1200 2273 imperatorem
1210 2207 1296 2262 misso

221 2282 336 2340 diacono
349 2298 356 2337 :
370 2285 465 2353 postea
481 2296 548 2339 rero
563 2298 647 2354 quam
660 2282 782 2338 directus
788 2283 972 2337 esttohannes
983 2286 1050 2337 tunc
1063 2284 1189 2338 tribunus
1201 2287 1229 2338 et
1240 2298 1293 2338 no-

221 2363 323 2429 tarius,
341 2363 391 2434 qui
403 2377 478 2418 nunc
488 2360 636 2434 praelectus
648 2362 703 2426 est,
720 2360 754 2415 ad
766 2358 911 2415 tuitionem
926 2375 1022 2415 eornm
1035 2363 1084 2432 qui
1100 2362 1136 2416 ad
1146 2362 1294 2417 Ecclesiam

222 2439 416 2509 confugerant,
428 2441 514 2496 etiam
529 2439 587 2509 ipse
599 2438 755 2509 Aquileiam
766 2438 903 2507 perrexit,
917 2441 1086 2504 praecaturus
1101 2454 1151 2507 pro
1163 2441 1218 2506 eis,
1230 2442 1295 2512 qnia

222 2519 273 2572 bus
286 2517 367 2573 facile
377 2519 458 2573 venia
470 2519 616 2587 impetrata
627 2519 681 2581 est;
694 2516 761 2586 quia
777 2516 835 2584 ipse
851 2517 1017 2571 christianus
1030 2516 1177 2587 imperator
1191 2534 1293 2588 provo-

222 2597 296 2650 lutus
308 2595 426 2665 pedibus
438 2594 591 2652 Sacerdotis
604 2594 757 2652 testabatur
774 2594 881 2649 meritis
892 2597 921 2649 et
934 2594 1174 2665 orationibus-ejus
1187 2611 1217 2654 se
1233 2612 1298 2660 esse,

222 2674 373 2729 servatum.

254 2753 298 2808 di.
312 2752 463 2808 Revertens
474 2753 567 2824 itaque
579 2752 613 2809 de
624 2755 693 2809 urbe
704 2752 888 2824 Aquileiensi,
899 2768 955 2808 uno
965 2754 1010 2810 dic
1021 2755 1161 2824 praecessit
1170 2755 1302 2825 impera·

222 2832 309 2887 torem
320 2848 327 2886 :
337 2846 389 2888 nec
398 2832 447 2887 diu
456 2833 674 2888 clementissimae
683 2833 822 2888 memoriae
832 2834 998 2889 Theodosius
1003 2834 1151 2903 imperator
1159 2838 1294 2905 susceptis

221 2911 318 2966 tillisin
327 2911 447 2966 Ecclesia
456 2912 485 2966 et
494 2910 605 2966 traditis
617 2911 770 2976 sacerdoti,
780 2911 808 2964 in
818 2913 870 2966 hae
879 2913 941 2966 luce
951 2910 1005 2965 fuit
1016 2914 1092 2981 :post
1101 2915 1178 2983 cujus
1187 2914 1293 2969 obitum

221 2992 280 3046 iere
289 2989 440 3043 triennium
452 2988 612 3056 supervixit.
624 2990 683 3055 Quo
695 2988 857 3057 intempore
871 2988 957 3043 sancti
969 2991 1075 3044 Nazarii
1088 2991 1215 3061 martyris
1228 3007 1292 3047 cor-

221 3082 287 3139 pus,
300 3066 444 3136 quoderat
456 3065 484 3118 in
496 3066 575 3120 horto
588 3066 708 3134 positum
718 3067 796 3121 entra
807 3067 961 3145 civitatem,
974 3068 1095 3123 levatum
1106 3069 1141 3124 ad
1151 3070 1293 3126 basilicam

222 3145 413 3216 Apostolorum
422 3157 486 3213 quae
497 3144 541 3197 est
553 3143 582 3197 in
593 3143 742 3210 Romana‘,
752 3144 901 3199 transtulit.
916 3145 1040 3200 Vidimus
1051 3149 1144 3202 autem
1155 3147 1184 3202 in
1196 3151 1293 3217 sepul·

221 3238 281 3290 cro,
291 3235 347 3293 quo
354 3221 463 3292 jacebat
472 3234 571 3291 eorpus
583 3221 732 3293 martyris(
743 3223 791 3294 qui
801 3223 911 3293 quando
922 3224 958 3279 sit
970 3239 1081 3294 passus,
1097 3241 1185 3297 usque
1197 3227 1225 3280 in
1238 3229 1292 3283 ho-

221 3303 349 3358 diernum
357 3299 429 3356 scire
438 3313 492 3354 non
501 3298 664 3372 possumus)
674 3301 837 3372 sanguinem
849 3302 978 3371 martyris
992 3303 1200 3371 itarecentem,
1213 3311 1294 3377 quasi

220 3380 317 3438 eodem
332 3376 378 3434 die
392 3375 490 3432 fuisset
504 3376 622 3434 eiiusus.
635 3380 722 3448 caput
735 3379 819 3434 etiam
837 3379 937 3448 ipsius,
956 3379 1030 3450 quod
1045 3382 1079 3438 ab
1096 3382 1188 3452 impiis
1201 3383 1292 3440 iuerat

220 3459 385 3524 abscissum,
400 3455 438 3511 ita
450 3456 589 3526 integrum
601 3459 684 3528 atque
696 3459 889 3527 incorruptum
902 3472 966 3513 curn
977 3460 1082 3529 capillis
1094 3463 1191 3530 capitis
1207 3465 1292 3535 atque

108 3573 111 3576 >
220 3538 319 3600 barba,
333 3536 365 3590 ut
377 3534 456 3589 nobis
466 3534 607 3591 videretur
621 3536 718 3591 eodem
727 3537 854 3606 tempore
870 3551 926 3607 quo
939 3537 1096 3604 levabatur,
1109 3540 1196 3594 lotum
1207 3543 1292 3611 atque

221 3612 401 3682 compositum
412 3613 441 3667 in
452 3615 587 3683 sepulcro.
607 3616 640 3668 Et
656 3614 724 3684 quid
742 3615 858 3680 mirum,
874 3615 1102 3686 quandoquidem
1112 3619 1244 3673 Dominus
1261 3621 1291 3676 in

221 3689 367 3760 Evangelio
381 3693 444 3746 ante
463 3692 602 3760 promisit,
619 3691 692 3762 quod
711 3693 825 3760 capillus
841 3693 876 3747 de
893 3693 983 3762 capite
995 3708 1091 3749 eorum
1110 3709 1163 3749 non
1174 3697 1290 3764 peribit?

220 3770 310 3900 {iffi
321 3767 403 3824 odore
414 3770 490 3825 tanto
499 3771 597 3839 repleti
606 3783 715 3834 sumus,
728 3770 760 3824 ut
768 3769 891 3824 omnium
900 3772 1054 3827 aromatum
1065 3773 1189 3828 vinceret
1197 3777 1290 3829 suavi-

253 3927 295 3979 55.
308 3927 367 3994 Quo
378 3928 467 3983 levato
479 3941 592 3996 corpore
608 3927 753 3997 martyris,
766 3930 795 3984 et
807 3929 836 3983 in
852 3930 951 3987 lectica
969 3933 1132 4003 composito,
1151 3892 1242 3988 statim
1254 3933 1293 3991 od

241 4046 348 4096 'hcqione
356 4049 444 4094 scillacir
453 4048 475 4087 id
483 4052 510 4088 αι
518 4074 523 4091 .
532 4057 595 4098 prope
606 4051 689 4097 portum
700 4046 818 4091 Romanam
828 4051 886 4094 urbis
894 4051 1014 4095 Mediolani
