2752 4806
145 375 192 453 refe·
522 400 848 458 sinerinmnnosrr

145 478 212 524 Deus
223 474 314 524 deserit
327 474 464 539 bominem,
481 477 573 538 ingruit
588 481 674 527 diabo-
698 480 760 527 illud
774 480 897 539 amiserit,
907 480 997 529 trustra
1010 477 1045 529 'de
1057 481 1164 531 istorum
1179 482 1228 532 sibi

145 547 192 594 lus.
204 549 282 594 Grave
298 547 334 594 est
343 546 481 607 praesertim
497 549 673 608 insipientibus
696 562 743 597 usu
753 552 849 610 septem
859 549 993 596 embolium
1007 562 1142 599 muncrum
1157 552 1228 601 blan·

144 630 194 667 nou
212 617 302 664 babere
322 618 545 678 rectorem.Serpit
561 620 671 677 malitia,
696 619 786 666 dietur.
805 619 976 667 Dissolvuntur
990 619 1161 679 haecomnia,
1179 620 1227 670 nisi

143 688 233 736 vulnus
245 685 408 746 suessanum
422 686 544 734 medicina
555 688 671 735 deluerit.
696 687 799 735 habenis
821 687 968 747 quibusdam
990 688 1093 754 rationis
1111 688 1226 737 adstricta

145 755 276 804 Abscondit
287 768 312 802 se
324 757 406 803 autem
415 755 458 814 qui
466 757 611 803 velarevult
619 757 673 803 cul·
696 757 755 803 sint.
764 757 828 803 Mors
836 757 920 816 itaque
929 757 1044 816 rationis,
1052 758 1159 804 mortem
1170 770 1226 817 ops-

144 837 215 884 pam,
234 825 260 871 ot
279 823 363 884 tegere
385 826 522 883 peceatum.
537 825 584 882 Qui
605 825 672 872 enim
696 825 764 871 ratur
781 825 987 872 irrationabilium
1009 823 1162 885 passionum.
1180 825 1225 873 Sed

144 893 208 940 rusie
225 893 275 952 agit
292 893 344 939 odit
363 893 458 952 lucem,
470 895 495 940 et
516 893 630 940 tenebras
647 894 673 940 et
696 892 758 939 illud
777 894 866 941 mellus
884 893 950 953 quod
968 894 1089 953 septimus
1108 905 1225 941 numeru

143 973 242 1009 suorum
271 961 359 1022 quaerit
387 962 491 1010 latibula
515 962 670 1009 delictorum.
695 962 786 1019 quietis
797 965 823 1009 et
833 962 984 1009 remissionis
995 964 1040 1010 est.
1052 964 1116 1022 Ergo
1126 963 1169 1021 qui
1182 961 1225 1009 elii

142 1031 319 1079 lustusautem
333 1043 382 1078 non
397 1030 545 1077 abscondere
556 1042 582 1078 se
598 1030 672 1077 aDo-
695 1041 745 1077 non
763 1032 877 1090 pepercit
893 1031 1031 1091 peccatori,
1048 1033 1074 1080 et
1093 1031 1224 1081 munisset

142 1099 271 1147 mirobeo
281 1112 334 1154 sno,
345 1099 388 1146 sed
400 1099 452 1158 ipse
462 1099 539 1158 magis
548 1111 574 1145 se
584 1098 671 1147 olierre
695 1098 846 1147 remissionis
856 1101 1013 1159 peccatorum
1023 1099 1159 1158 inviderit,
1174 1100 1224 1159 ipse
1232 1107 1239 1124 '-

143 1167 270 1215 consuevit
280 1167 380 1214 dicens:
389 1169 450 1214 Ecce
459 1167 671 1227 sumegoquinou
695 1166 742 1212 sibi
750 1180 818 1226 spem
828 1168 978 1216 remissionis
989 1169 1094 1228 eripiet,
1107 1169 1135 1216 et
1144 1168 1224 1216 eritiu
1235 1187 1238 1190 ·

142 1237 222 1283 babeo
232 1237 387 1283 criminosam
398 1235 586 1296 conscientiam,
597 1248 671 1295 quam
695 1245 723 1281 oo
735 1237 788 1293 pari
802 1248 918 1284 mensura
928 1236 1038 1284 vindicta
1049 1237 1080 1284 de
1091 1237 1180 1296 gretia.

143 1305 243 1351 timeam
253 1305 415 1364 deprehendi.
723 1304 762 1350 55.
774 1304 844 1362 Quod
854 1305 939 1353 autem
951 1305 1048 1364 signnm
1058 1306 1144 1365 posuit
1153 1316 1225 1364 super

173 1374 212 1423 55.
230 1373 318 1420 Merito
335 1385 393 1432 ergo
411 1384 438 1419 se
461 1371 588 1419 abscondit
605 1372 671 1418 male
693 1370 806 1430 Gain,ne
817 1373 872 1433 quis
884 1385 941 1420 eum
952 1372 1228 1431 oecideret‚retlectero

59 1467 74 1481 w
143 1443 268 1500 conscius²
286 1444 312 1491 et
329 1442 387 1490 ait:
404 1444 484 1491 Omnis
502 1444 543 1502 psi
559 1443 670 1490 ins’eacrit
693 1441 770 1488 voluit
782 1444 919 1500 errantem,
930 1444 956 1491 et
969 1442 1091 1490 beneflcio
1102 1454 1148 1490 suo
1161 1441 1228 1490 iuri*

143 1529 193 1571 me,
205 1515 289 1562 occidet
304 1527 350 1560 me.
362 1513 474 1573 Anguste
489 1510 581 1558 mentis
597 1512 670 1558 bomo
693 1512 745 1558 tare
762 1512 793 1559 ad
812 1512 999 1560 correctionem.
1015 1511 1079 1572 lpsis
1096 1511 1166 1559 euim
1182 1522 1225 1559 nos

142 1583 289 1644 praesentem
297 1579 670 1644 mortemveretur‚perpetuam
693 1577 790 1628 facilius
807 1581 963 1628 committere
980 1581 1105 1638 solemus,
1121 1591 1225 1640 morum

125 1651 260 1712 negligit,
272 1653 298 1699 et
309 1652 421 1699 divinum
437 1650 618 1708 judiciumnon
629 1660 670 1695 re-
693 1647 812 1696 babemus
831 1650 943 1708 gratiam.
959 1651 1010 1696 Nec
1028 1650 1116 1697 tamen
1139 1659 1225 1708 mapn

143 1720 272 1780 tormidet,
282 1719 411 1768 interitum
418 1720 497 1768 solum
507 1718 615 1778 corporis
626 1719 668 1765 de-
694 1717 822 1764 couceditr
833 1719 877 1766 sed
888 1720 914 1765 in
926 1731 956 1766 eo
966 1718 1019 1778 ipso
1030 1716 1225 1777 imprudentiam

143 1791 265 1848 precatur.
274 1789 402 1848 Sedaquo
413 1788 516 1835 timebat
526 1787 671 1847 oceidi,qui
694 1785 834 1846 insipientis
855 1786 997 1845 ulciscitur,
1014 1787 1060 1846 qui
1079 1798 1139 1833 eum
1161 1783 1227 1833 esset

142 1858 205 1904 solos
215 1857 331 1916 parentes
341 1857 447 1904 babebat
455 1858 481 1903 in
491 1857 564 1903 terris
571 1856 580 1902 t
588 1857 670 1904 Potuit
694 1856 819 1914 perpetuis
835 1856 961 1916 suppliciis
975 1855 1115 1914 obnoxius,
1125 1867 1175 1902 non
1184 1865 1226 1902 re·

142 1927 243 1986 quidem
259 1927 285 1974 et
300 1926 555 1974 incursusbestiarum
566 1925 669 1984 timere,
692 1926 758 1972 mltti
776 1926 823 1972 sibi
835 1937 932 1984 poenam
948 1923 1132 1985 poposcit‚sed
1149 1924 1223 1971 uon

142 1994 185 2054 qui
202 1994 264 2054 legis
282 1994 373 2043 divium
389 1993 444 2052 jura
463 1993 612 2052 violaverat;
623 2005 669 2040 nee
693 1995 883 2053 corporisbuJus
893 1993 1067 2040 obsecrandam
1077 1991 1222 2051 putavimus

141 2074 289 2122 presumere
300 2063 331 2110 de
341 2063 459 2121 subjectis
467 2063 615 2110 animalibus
624 2074 670 2110 cae·
691 2074 738 2120 qua
747 2063 803 2122 plus
816 2074 930 2110 aerumnas
944 2063 981 2108 est
994 2065 1070 2120 quam
1078 2059 1220 2120 voluptatis.

141 2131 215 2190 teris,
235 2133 278 2191 qui
296 2133 421 2180 bominem
447 2132 563 2179 docuerat
580 2117 682 2180 occidi]
693 2131 755 2176 llors
765 2131 832 2177 enim
841 2142 891 2177 una
901 2129 938 2176 est
948 2130 975 2176 in
984 2129 1127 2176 secessione
1137 2129 1223 2175 enimn

140 2201 223 2249 Potuit
241 2203 267 2249 et
283 2204 397 2261 parentes
415 2203 548 2261 parricidas
565 2201 668 2259 timere,
693 2198 718 2244 et
729 2199 850 2256 corporis,
865 2199 890 2244 et
906 2198 932 2244 in
942 2197 991 2243 dne
1002 2197 1074 2243 istius
1083 2197 1160 2252 vitae,
1170 2207 1223 2254 qun

141 2271 183 2330 qui
201 2272 317 2320 docuerat
334 2272 494 2331 parricidium
510 2281 581 2330 posse
604 2282 670 2317 eom-
692 2267 765 2313 simul
776 2267 803 2313 ut
814 2267 991 2324 venit,omncs
1001 2265 1113 2324 corporis
1129 2265 1221 2312 dolores

141 2339 216 2386 mitti.
233 2340 367 2387 Potuersrnt
383 2340 448 2386 euim
467 2340 492 2385 et
508 2338 622 2398 parentes
638 2339 669 2385 de
692 2334 805 2393 auterre,
816 2346 866 2381 uon
883 2347 973 2392 augere
989 2334 1131 2381 consuevit.
1148 2334 1233 2381 Metus·

141 2406 192 2454 illio
209 2409 318 2468 discere,
336 2408 401 2469 qnod
422 2408 560 2456 didicerunt
578 2407 668 2467 posteri
693 2416 751 2450 vero
768 2406 811 2463 qul
830 2405 893 2450 banc
914 2403 992 2450 vitam
1010 2403 1159 2450 viventibus
1175 2403 1222 2450 ire·

142 2475 172 2523 de
183 2477 295 2535 parente.
408 2501 412 2512 ·
460 2487 461 2490 ’
693 2474 797 2532 quenter
813 2473 944 2532 ingruunt,
959 2472 1098 2531 moestitioe‚
1115 2473 1224 2530 dolores,

359 2545 444 2557 ———

693 2543 811 2602 gemitus,
820 2543 961 2602 diversique
970 2542 1108 2602 cruciatus,
1119 2543 1233 2602 prosim,

312 2589 438 2658 CAPUT
457 2607 493 2656 X.
693 2612 744 2658 tum
759 2615 785 2659 et
800 2613 973 2671 egritudinum
984 2612 1087 2658 vulnera
1104 2613 1221 2671 plurimas

141 2710 180 2748 Del
189 2711 334 2759 comminatio,
342 2712 363 2749 Si
372 2715 414 2760 pois
423 2713 511 2751 occiderit
521 2715 574 2756 Caio,
582 2719 615 2752 ete.
622 2725 668 2753 mo·
693 2680 768 2762 efiqm
779 2681 869 2727 mmm
879 2680 964 2761 generi,
975 2679 1082 2726 humano
1099 2679 1219 2759 ipsemt'

163 2765 238 2802 rallter
247 2766 407 2814 explicaturzln
416 2768 475 2815 signo
483 2767 548 2816 posito
557 2778 620 2815 super
630 2780 668 2807 eo·
693 2751 721 2797 Ut
735 2751 781 2798 1⁵1³
792 2762 857 2796 ¹11⁰ss
872 2749 1009 2795 remedium
1021 2761 1075 2795 ⁰⁵⁸0
1091 2749 1222 2806 ”deame

163 2819 212 2855 uem
221 2819 668 2863 munacianensisdeclararunsieuserin
693 2829 740 2864 non
758 2829 840 2878 poena.
851 2817 902 2862 Non
919 2816 985 2863 enim
1002 2817 1157 2874 peremtoria
1172 2815 1220 2873 est,

160 2880 187 2910 en
198 2872 259 2911 Caini
267 2873 453 2922 dementia‚quod
460 2880 553 2914 mortem
564 2880 668 2924 tempore-
692 2899 736 2945 per
753 2897 826 2944 quam
843 2896 893 2931 noll
913 2882 1224 2943 adimiturvjtg‚30(121

162 2926 669 3028 {fflffcgudssssfflssgffiffiffiffiffiffiffl‘
692 2956 793 3002 meliora
814 2954 968 3002 transfertur.
985 2955 1046 2999 Nam
1060 2945 1085 2999 'sl
1104 2954 1222 3000 nocentes
1239 2972 1242 2977 ·

163 3040 215 3071 rnoe.
226 3033 615 3077 soluturaviln'l'andemjudieium
625 3047 666 3074 non
691 3025 842 3082 moriuntur,
853 3025 895 3084 qui
908 3023 1009 3082 gradum
1025 3034 1039 3068 a
1056 3023 1169 3081 peccatis
1185 3033 1222 3068 re·

162 3091 297 3129 praepropere
311 3084 433 3127 terendum.
442 3095 480 3122 ¹¹00
488 3095 562 3124 rursus
570 3087 667 3126 inultum
691 3105 777 3139 vocare
803 3092 944 3149 noluerint3
969 3091 1012 3137 vel
1037 3089 1113 3136 inriti
1139 3091 1222 3138 tamen

162 3134 246 3170 crimen
253 3135 368 3174 sinendum
377 3148 418 3174 esse
426 3139 553 3178 ostenditur.
691 3160 765 3207 finem
783 3172 832 3206 lloll
851 3160 960 3217 ilatum,
972 3158 1015 3205 sed
1031 3159 1113 3217 culpae
1132 3158 1222 3218 adipi?

169 3211 209 3261 dlt.
227 3216 299 3265 Nunc
324 3218 504 3268 consideremus
522 3233 570 3280 qua
596 3235 667 3271 causa
692 3229 793 3287 cuntur,
811 3239 844 3273 ne
861 3227 933 3286 plura
951 3226 1113 3285 delinquant,
1133 3226 1222 3286 quibus

139 3284 233 3331 dixerit
243 3285 328 3333 Deus:
346 3288 426 3336 Omnis
437 3291 477 3348 pai
490 3292 596 3338 occiderit
607 3295 667 3340 Gelu
690 3298 741 3344 vita
759 3297 840 3343 ioenus
863 3297 901 3344 est
918 3295 1074 3342 delictorum.
1093 3295 1121 3341 Si
1139 3288 1221 3342 autem

138 3357 220 3414 septies
241 3357 368 3404 vindictam
388 3359 504 3419 exsolve&
522 3363 609 3419 etqua
624 3375 663 3409 ra·
690 3366 759 3413 bonae
770 3366 823 3425 spei
835 3363 959 3423 compotes
970 3363 1039 3420 sunt,
1051 3363 1219 3420 migraremu-

137 3426 205 3473 tione
223 3427 319 3493 siguum
338 3440 412 3487 super
431 3441 488 3475 eum
502 3431 618 3490 ponitur,
632 3445 665 3479 ne
690 3435 727 3494 gis
737 3445 810 3492 qnam
822 3433 927 3479 deficere
941 3430 1059 3491 credendi
1070 3432 1139 3477 sunt.

138 3493 264 3542 occidatur
279 3495 418 3554 parricida,
438 3508 493 3543 cum
510 3500 665 3558 prospectum
719 3502 758 3549 56.
771 3502 891 3548 inseritur
901 3501 946 3547 hoc
965 3500 1018 3546 loco
1033 3498 1122 3557 dogrna
1143 3499 1174 3546 de
1185 3498 1221 3545 in-

137 3574 187 3610 non
213 3563 302 3624 luerit,
318 3577 350 3611 ne
370 3565 486 3613 innocens
501 3567 663 3616 occideretur.
691 3571 846 3629 corruptione
863 3571 964 3626 animae,
981 3567 1045 3627 quod
1056 3567 1112 3627 ipsa
1123 3580 1184 3614 vera
1197 3565 1221 3613 et

137 3632 373 3691 tletavusestbomo,
382 3633 457 3680 babet
465 3635 609 3684 rationabile
616 3652 664 3697 quo
690 3637 763 3684 beata
776 3637 825 3683 vita
836 3636 881 3695 sit,
892 3648 964 3695 quam
975 3636 1147 3694 unusquisque
1159 3635 1236 3680 bene·

137 3702 236 3758 praestet
251 3702 359 3760 caeteris,
372 3702 447 3749 babet
462 3708 487 3750 et
495 3706 604 3766 quinque
614 3720 665 3754 cor·
690 3707 801 3753 conscius
810 3705 874 3754 visit
883 3706 961 3751 multo
971 3704 1060 3763 purius
1070 3715 1099 3751 ac
1110 3703 1219 3760 beatius,

137 3770 475 3830 perissensus‚bnbetetiam
485 3777 664 3835 vocem‚babet
690 3788 745 3822 cum
764 3775 837 3833 liujus
853 3775 932 3821 carnis
947 3773 1027 3819 anima
1042 3774 1128 3819 nostra
1146 3772 1221 3830 depo-

137 3839 163 3884 et
171 3838 304 3898 generandi
316 3839 427 3898 gratiam.
439 3841 495 3888 lineo
507 3845 601 3901 septem
616 3846 663 3890 nisi
689 3843 767 3889 suerit
781 3844 951 3900 involucrum,
962 3843 988 3888 ot
1002 3841 1108 3900 quodem
1121 3849 1221 3886 carcere

137 3906 180 3954 illo
188 3904 329 3953 rationabili
337 3909 465 3966 regantur,
474 3909 582 3966 subiecta
592 3913 664 3958 morti
688 3910 735 3957 isto
752 3911 828 3957 luerit
845 3910 954 3957 absoluta
965 3920 1097 3968 eorpore03
1110 3908 1217 3955 initium

137 3979 208 4035 sunt3
222 3978 247 4024 et
258 3977 313 4023 ideo
324 3977 413 4024 stultus
420 3977 446 4023 in
456 3976 496 4024 bis
507 3978 582 4025 babet
592 3991 663 4026 omne
689 3980 847 4039 superiorem
856 3979 969 4027 revolans
978 3979 1076 4036 locum,
1086 3977 1154 4024 uude
1165 3986 1220 4021 nos·

136 4044 275 4106 periculum
294 4045 340 4094 sui.
365 4045 411 4103 Qui
436 4057 492 4106 ergo
518 4047 663 4096 rationabile
689 4049 733 4096 tris
744 4049 824 4097 inlusa
840 4048 974 4098 visceribus
985 4047 1156 4107 compassione
1168 4055 1218 4092 cor·
