2752 4806
408 406 449 449 Dll
467 402 571 449 inuri
593 405 690 450 LIBER
707 402 803 451 Ultus.
1011 443 1013 447 .
1104 400 1144 454 tal

64 477 253 543 ollertviucults
264 485 407 546 alligandas.
418 487 524 534 Ducitur
538 487 593 547 plc-
618 487 696 536 sitatis
716 487 879 546 offenderint,
898 485 1014 535 intexunt
1031 489 1142 552 tabulas,

64 565 168 613 rumque
184 554 289 613 uterquc
305 555 419 614 captivus
436 569 443 600 :
458 556 501 602 ille
519 555 594 602 babet
618 555 905 617 aiuutnobilepraedium
916 559 1145 618 essevaeuale,am-

65 634 139 680 quem
150 622 385 670 accusctadversum
394 624 454 669 belli
464 625 592 682 eventum,
618 623 683 683 planr
702 626 800 673 domuin
814 638 821 670 r
836 624 994 672 accumulant
1010 625 1145 685 proventus

64 690 106 736 bic
114 691 203 750 praeter
211 704 236 738 se
245 702 319 750 quem
328 692 440 750 accuset,
448 705 498 739 non
508 693 592 740 babet.
618 694 756 753 fructuum,
767 706 861 741 annuos
876 692 971 740 reditus
981 696 1144 754 exaggerant,

64 760 139 805 nrum
158 760 195 806 est
214 760 394 808 intolerabilius
412 762 458 808 bac
476 761 592 821 miseria,
618 763 749 810 hortantur
756 764 785 811 ut
792 762 914 810 coemant.
924 761 1045 809 Similiter
1052 763 1147 811 faciunt

63 841 119 888 quae
136 830 247 876 excusari
259 842 307 877 non
319 831 407 890 potest.
419 832 524 878 Acerbat
534 844 593 878 con·
618 832 736 890 pretiosas
756 832 858 890 vestes,
879 832 905 878 et
925 830 1026 878 monilia
1052 832 1146 878 nobilia

64 897 167 943 scientia
178 898 273 956 pondus
282 899 388 957 injuriae.
617 901 787 960 praedicantes.
804 900 907 959 Negantl
918 911 944 947 se
959 899 1050 946 habere
1068 912 1147 959 pecu-

94 965 134 1012 Ἡ.
145 967 212 1015 Tunc
222 981 308 1016 secum
318 970 431 1028 reputat,
442 970 500 1018 tunc
511 969 593 1029 Scrip·
617 970 684 1016 niam
693 1002 700 1028 ,
710 969 827 1029 ingerunt
839 981 908 1015 suam
919 968 1031 1015 diceutes
1047 981 1054 1014 r
1070 969 1145 1015 Utere

65 1037 132 1082 turas
149 1036 310 1096 recordatur,
329 1039 388 1085 tunc
408 1039 469 1085 dicit
485 1052 492 1084 ε
508 1039 592 1085 Nonne
618 1038 646 1084 ut
656 1039 698 1086 tua
710 1052 716 1083 :
729 1039 760 1086 de
772 1037 893 1085 fructibus
905 1037 977 1084 erutae
987 1036 1146 1096 possessionis

64 1104 126 1150 mibi
135 1105 254 1164 scriptum
265 1105 302 1152 est
314 1118 321 1151 t
332 1106 389 1152 Bibe
401 1120 489 1166 apuam
503 1108 530 1153 dc
548 1108 593 1154 tots
618 1107 725 1166 pretium
733 1107 919 1167 multiplicabis,
931 1107 1039 1154 debitam
1047 1107 1145 1154 reddes.

64 1175 141 1231 vasis,
153 1177 174 1221 ct
184 1177 211 1221 dc
223 1178 316 1221 tuorum
333 1177 457 1234 puteorum
474 1173 593 1234 fontibus?
648 1175 687 1222 aa,
703 1175 859 1224 Praeteuduut
874 1176 968 1222 alienos
981 1175 1069 1223 fundos
1088 1174 1147 1223 ado-

64 1242 128 1299 Quid
138 1243 199 1288 mibi
216 1255 271 1290 cum
283 1244 357 1301 puteo
369 1242 536 1301 foeneratoris,
549 1243 592 1289 ubl
617 1245 736 1303 lementi,
748 1245 776 1291 ut
787 1257 844 1291 eum
859 1244 910 1290 suis
921 1244 1060 1302 exspolient
1071 1255 1078 1289 t
1090 1246 1148 1291 ten-

65 1312 90 1358 et
100 1324 163 1371 aqua
172 1311 324 1358 includitur?
335 1311 454 1359 Suaviora
464 1312 535 1359 erant
543 1312 593 1358 ole·
618 1312 680 1361 dnut
698 1314 776 1372 retia,
793 1313 865 1359 simul
886 1313 914 1359 ut
932 1312 1047 1372 indagine
1066 1312 1147 1359 cincta

62 1391 92 1426 ra
104 1393 160 1427 cum
171 1380 320 1438 securitate,
332 1393 405 1440 quam
415 1380 503 1427 alienae
514 1381 593 1441 epulae
618 1382 697 1440 spatia
713 1381 789 1429 tuerit
799 1382 937 1440 ingressus,
948 1381 1037 1438 cogunt
1048 1392 1105 1426 eum
1121 1381 1147 1426 ln

64 1449 139 1506 pastae
155 1461 211 1495 cum
222 1449 397 1496 sollicitudine.
412 1450 465 1495 Non
485 1449 594 1508 oportuit
618 1450 680 1498 retia
691 1450 845 1507 cautionum,
855 1451 1091 1508 laqueos-usurarum
1101 1459 1148 1507 pe·

64 1516 145 1562 aliena
159 1529 279 1576 quaerere.
291 1517 388 1564 Deinde
403 1517 538 1563 incideram
549 1516 592 1563 dc·
619 1519 673 1566 tunt
684 1517 788 1577 obligari
799 1517 845 1563 sibi
865 1516 960 1563 avitum
970 1516 1112 1574 praetorium
1122 1515 1146 1574 ⁸,

64 1585 128 1644 bita,
140 1586 170 1633 de
190 1586 251 1632 meis
269 1586 377 1646 oportuit
394 1585 502 1632 fontibus
512 1597 593 1631 reme·
618 1587 747 1645 paternum
757 1585 897 1643 sepulcrum
908 1596 914 1629 :
924 1584 1086 1643 praestituitur
1094 1584 1147 1632 dies

64 1653 132 1700 cllum
148 1667 266 1713 quaerere.
279 1654 352 1700 Erant
367 1653 432 1700 dorni
442 1665 500 1701 vasa
510 1653 593 1699 minu·
617 1652 743 1709 solutioni,
752 1652 921 1698 dissimulatur
927 1653 1066 1711 conventio,
1073 1665 1146 1711 quan·

64 1723 125 1769 tiora
135 1736 142 1768 a
152 1723 242 1770 melius
252 1725 304 1770 erat
312 1722 478 1769 ministerium
490 1722 591 1780 deesse,
617 1720 647 1767 do
659 1721 739 1780 potest
750 1721 840 1766 solutio
849 1720 979 1779 sustineri,
989 1721 1032 1767 ubi
1043 1721 1101 1768 satis
1109 1733 1148 1767 se-

64 1804 137 1850 quam
146 1792 231 1839 cibum
241 1804 248 1837 a
260 1792 351 1838 melius
362 1791 458 1838 vestem
472 1791 592 1837 vaenalem
617 1802 704 1836 curum
719 1789 889 1847 reddiderint,
900 1789 1003 1848 repente
1015 1789 1146 1848 ingruunt,

64 1872 214 1919 proponere,
226 1871 299 1919 quam
315 1859 457 1906 libertatem
467 1857 591 1904 addicere.
617 1857 642 1903 et
660 1857 753 1904 instant
770 1856 960 1914 vehementius,
979 1857 1090 1904 causanti
1108 1857 1147 1904 in-

64 1928 128 1985 Quid
137 1928 229 1987 proluit
244 1929 309 1988 quod
323 1929 450 1988 publicare
462 1929 593 1986 pauperta-
617 1926 736 1972 cumbunt
763 1924 874 1972 dicentes
892 1937 899 1968 r
919 1925 955 1971 Tu
975 1925 1084 1984 possides
1105 1927 1147 1973 tua

64 1999 116 2044 tem
136 2008 217 2042 meam
236 1994 419 2043 verecundatus
438 1991 514 2041 sum?
531 1996 592 2042 Ecce
617 1993 726 2052 praedia,
746 2004 791 2039 nos
812 1993 921 2039 nostram
942 1993 1076 2050 pecuniam
1098 2006 1147 2039 non

64 2063 127 2110 allus
137 2063 283 2123 publicavit.
297 2064 345 2122 Ego
356 2062 424 2109 nolui
440 2059 593 2110 nutritores*
618 2064 737 2109 babemus
748 2075 755 2107 t
769 2073 859 2129 aurum
867 2060 993 2118 dedimus,
1003 2061 1098 2118 lignum
1109 2062 1148 2108 te-

64 2132 187 2190 vcndere,
198 2143 256 2179 ecce
266 2131 330 2177 alius
341 2129 474 2188 adjudicat.
618 2124 748 2177 nemus”:
765 2128 812 2175 tibi
833 2127 959 2177 fructuum
981 2128 1147 2174 emolumenta

94 2199 134 2248 22.
146 2200 205 2248 Sera
215 2200 268 2247 lraec
279 2198 449 2247 consideratio.
462 2199 531 2245 Tunc
549 2199 593 2246 de·
618 2199 766 2259 procedunt,
777 2198 847 2244 nobis
863 2197 929 2243 nihil
943 2196 1061 2243 accrescit
1071 2209 1148 2256 pecu-

64 2271 117 2318 cuit
123 2269 241 2317 metuisse
251 2269 315 2326 tuis,
327 2279 383 2314 cum
394 2268 520 2327 acciperes
531 2268 592 2315 alie·
618 2268 676 2315 niae.
696 2268 779 2315 otiosa
790 2266 899 2314 causatio
910 2266 961 2325 est,
977 2266 1064 2314 saltem
1075 2278 1148 2313 reno-

64 2351 96 2385 na
107 2352 113 2384 :
125 2339 184 2385 tunc
199 2336 283 2384 decuit
296 2347 455 2393 succurrere,
471 2348 528 2382 cum
539 2337 593 2384 vul·
618 2337 691 2386 uetur
702 2336 901 2396 chirographum.

64 2419 124 2454 nera
134 2406 215 2466 prima
225 2403 407 2465 proserperent.
418 2405 506 2450 llelius
514 2403 593 2452 fuerat
823 2435 916 2448 ...-

64 2476 91 2521 in
100 2475 221 2535 principio
229 2475 332 2521 tenuare
341 2473 448 2521 sumtum
456 2505 464 2530 ,
473 2473 498 2520 et
509 2485 593 2520 ncces·
778 2489 904 2544 CAPUT
916 2488 985 2540 vn·

65 2546 166 2591 mmm
181 2544 260 2590 dehm
275 2555 313 2590 l'el
331 2541 459 2588 ‘annnam
477 2544 593 2620 mmm
618 2583 689 2635 Quam
698 2582 787 2622 sollicite
796 2581 947 2619 faeneratorem
954 2580 1022 2627 fugiat
1030 2579 1120 2627 debitor,
1129 2585 1150 2619 et

65 2611 187 2672 allevare,
204 2623 279 2670 quam
297 2610 326 2656 m
345 2610 376 2657 dd
397 2609 482 2656 hmm
500 2610 593 2657 duatus
641 2636 794 2684 cujusmodisit
805 2637 919 2683 utriusque
926 2634 1151 2682 occursusrquomodo

65 2679 166 2740 alienis,
183 2679 269 2739 postea
289 2677 418 2726 exuereris
440 2680 466 2727 et
478 2679 592 2739 propriis.
640 2688 1089 2736 hicdelartoneaccepramagisirreritusad
1100 2698 1150 2724 ven-

132 2772 134 2777 ·
283 2771 374 2790 u...-
642 2745 710 2782 denda
717 2744 798 2792 praedia
807 2742 916 2788 adigatur:
923 2751 947 2778 ac
955 2741 1042 2779 taudem
1051 2741 1150 2777 oinnibus

642 2799 755 2836 destitutus
763 2801 784 2834 et
793 2797 820 2833 ad
829 2795 917 2832 vincula
923 2798 1009 2840 paratus
1018 2795 1042 2830 in
1051 2793 1150 2840 despera-

231 2821 357 2876 (tAPUT
377 2823 433 2873 vl.
642 2851 822 2890 nonemrncruarr

76 2915 163 2965 Quanta
171 2913 289 2951 moliantur
298 2913 477 2958 foeneratoresaut
487 2912 584 2952 incautos
649 2925 689 2972 25·
701 2925 801 2982 [TAQUE
811 2921 870 2968 dum
885 2919 992 2980 primum
1009 2917 1150 2965 adolescens

179 2967 317 3006 adolescentes
324 2967 363 3014 ἂψ
366 2966 483 3048 caedentur.
550 3035 555 3048 .
620 2994 683 3041 nibil
694 2992 765 3052 putat
775 2990 806 3037 dc
818 2990 928 3038 vestibus
938 2987 1004 3045 suis,
1015 2988 1058 3042 aut
1075 2988 1150 3033 etiam

95 3039 135 3088 25·
147 3041 303 3119 APCUSAMUS
318 3038 457 3119 d5b¹t⁰¹⁰m
467 3037 531 3099 (ΨΜ
548 3049 596 3117 {ms
620 3060 814 3123 possessionibus
823 3056 1048 3115 essevendendum,
1060 3056 1090 3102 ad
1099 3056 1150 3102 baec
1202 3058 1204 3061 '

66 3109 244 3188 pmdffntmsse
255 3108 373 3188 3²⁸⁸9r¹t²
385 3108 522 3188 ⁸⁶*¹,¹³f¹¹⁰¹¹
532 3107 596 3153 ΝΜ
621 3131 733 3178 facienda
749 3128 829 3188 poscit
840 3129 993 3175 dilationem.
1012 3127 1095 3173 Usurae
1107 3137 1151 3183 ap·

65 3176 596 3255 nequiusloencratorrbus,quialrenadam-
621 3201 746 3259 plicantur
776 3198 807 3245 ad
839 3199 957 3254 sortem,
984 3195 1153 3244 accumulatur

10 3313 16 3322 ·
65 3246 176 3293 nalum
192 3256 235 3290 ³¹¹³
249 3245 413 3322 arlffluaf‘tur’
426 3244 596 3322 et..d¹⁸p⁰¹.¹d¹⁰
621 3269 766 3316 centesima.
780 3269 834 3312 Jarn
850 3266 973 3324 suspirare
989 3263 1089 3320 incipit,
1100 3261 1151 3319 jam

66 3327 110 3363 suo
120 3312 240 3373 deputant
248 3312 368 3371 quidquid
380 3313 410 3359 ab
422 3312 478 3357 alus
488 3311 597 3369 posside·
621 3337 713 3382 malum
731 3347 804 3381 suum
820 3343 964 3390 agnoscere·
982 3330 1029 3375 Die
1041 3340 1068 3373 ac
1080 3330 1152 3374 node

66 3385 117 3432 ηπ·
135 3382 293 3459 ΑΠΜΡΜΨΫΓ
309 3379 420 3426 haeredes
438 3390 526 3436 ¹¹⁰v⁰⁸’
538 3378 597 3424 ΜΟ·
621 3416 720 3451 usuram
740 3401 829 3459 cogitat
842 3413 848 3444 ε
861 3397 983 3459 quidquid
998 3395 1152 3455 occurrerit,

66 3451 217 3501 lescentulos
228 3449 319 3497 divitas
331 3448 460 3507 explorant
470 3459 514 3506 per
525 3458 596 3505 suos,
622 3470 794 3518 foeneratorem
805 3469 876 3527 putat
887 3481 894 3512 :
906 3465 1029 3525 quidquid
1047 3476 1153 3522 crepue-

67 3519 205 3579 ³dj⁰¹¹gu¹¹t
215 3531 241 3564 se
249 3550 255 3574 ⁵
264 3517 416 3595 fimum
426 3514 554 3592 paternam.
573 3515 598 3561 et
622 3541 669 3600 rit,
680 3552 767 3587 rocam
778 3538 825 3584 sibi
834 3536 932 3583 videtur
943 3533 1097 3580 toeneratoris
1107 3546 1152 3579 au-

67 3590 159 3637 mam
178 3586 328 3643 ammam’
348 3583 434 3630 v⁰l⁰¹¹t
453 3583 598 3629 d⁰me⁵t¹⁰²⁵
623 3610 684 3656 dire.
703 3608 728 3655 Si
739 3607 830 3663 babes,
842 3615 945 3650 curnon
963 3598 1090 3648 solvislffi
1103 3613 1153 3648 nou

68 3669 154 3706 eorum
163 3667 307 3716 cognoscere
316 3651 516 3700 necessitates.Si
524 3663 596 3710 quaro
624 3676 713 3734 hahes,
728 3687 771 3721 cur
789 3672 882 3719 malum
900 3669 965 3716 malo
983 3667 1110 3728 adjungis,
1127 3672 1153 3716 et

68 3737 168 3774 causam
183 3723 340 3781 invenerint,
352 3722 466 3768 accusant
476 3731 598 3767 verecun·
623 3744 653 3791 de
662 3744 764 3791 vulnere
775 3739 913 3788 remedium
924 3736 1029 3797 qumis,
1037 3738 1154 3797 &Equo-

68 3793 274 3852 diam,pudorem
285 3792 401 3851 arguunt,
411 3788 476 3848 quod
484 3799 533 3834 non
542 3788 598 3833 aute
623 3823 1151 3845 .....----—---

68 3856 598 3919 desesperatumtueritatquepraesumtum.
646 3862 876 3903 *nmaromnocroco
885 3861 980 3898 sumitur
989 3869 1032 3897 non
1040 3869 1079 3908 pro
1090 3859 1154 3894 como

69 3928 112 3976 Sin
122 3941 182 3976 vero
199 3927 278 3973 nullos
290 3927 391 3985 laqueos
402 3924 504 3982 alicujus
514 3934 601 3969 neccs-
624 3920 721 3970 nraewrss
729 3945 734 3962 υ
742 3921 779 3955 ²1¹¹
787 3917 832 3964 05118
841 3915 879 3964 qui
888 3918 983 3963 praesset
992 3911 1108 3955 exercitui,
1117 3911 1153 3947 ⁵²¹1

74 4000 597 4020 ...-.---.-----
625 3985 663 4024 pro
672 3974 735 4010 dorno
744 3972 792 4009 ruri
801 3971 827 4008 ad
835 3965 919 4008 delicias
927 3969 1038 4007 aedificata.

91 4036 216 4072 'Nutritores
226 4033 291 4075 scrri,
300 4033 358 4081 queis
367 4034 488 4070 liberorum
497 4029 602 4069 commit·
648 4029 665 4048 ¹*
673 4027 718 4065 lloc
725 4031 765 4068 est,
774 4025 853 4073 ligneas
858 4015 943 4061 'tabulas
955 4031 1003 4058 cera
1011 4017 1119 4057 obductas,
1131 4016 1151 4051 lu

68 4089 154 4130 tebalur
164 4087 266 4127 educatio.
589 4088 592 4098 ·
627 4081 705 4130 quibus
713 4080 798 4117 loenoris
805 4077 875 4114 cautio
885 4074 948 4113 scribi
956 4071 1040 4109 solebat.
1061 4114 1064 4123 1
