2752 4806
194 396 244 446 aaa
571 397 708 461 sancus
729 394 905 445 uunnosir

193 480 223 535 ut
232 476 312 527 adhuc
322 475 374 527 orta
384 489 434 526 nou
441 476 518 538 esset,
528 491 583 539 qum
593 480 672 540 primu
685 480 723 527 est
747 479 810 528 uidit
821 494 847 528 sc
857 493 911 530 esso
921 476 1028 534 nudum,
1039 472 1097 534 qun
1106 471 1285 522 indumentum

192 546 351 613 praevaricata
363 545 484 594 indictum
495 546 659 595 abstinentiae.
670 547 723 594 Lex
747 543 1108 607 quodbabebat,amiserat.1n
1115 541 1207 590 diebus
1216 543 1285 596 euim

192 615 320 667 abomino
330 615 660 675 neo,praevaricatiolcrisa
671 616 724 663 dia·
745 615 896 673 ieiuniorum
916 615 1056 664 vestrorum
1075 614 1175 670 orietur,
1186 612 1282 671 inquit,

193 683 250 732 bolo
262 697 269 729 ι
280 684 352 742 culpa
370 696 416 744 per
436 684 537 744 cibum,
555 683 650 733 latebra
669 684 724 743 post
748 685 790 732 tibi
804 688 946 734 matutinum
965 685 1043 732 lumea
1059 684 1141 739 tuum,
1153 683 1176 730 et
1193 683 1286 732 contiue-

194 754 287 802 cibum.
303 753 412 813 Cognitio
427 752 583 800 infirmitatis
604 751 631 798 in
655 753 723 810 cibo,
748 757 790 801 toa
808 758 904 802 maiora
919 755 1017 809 orietur,
1028 755 1051 799 ct
1064 753 1179 811 precedet
1194 753 1249 798 onte
1263 754 1282 799 to

193 823 273 871 virtus
296 821 417 871 firmitatis
441 821 468 870 in
491 821 593 880 ieiunio.
611 821 723 881 Denique
747 821 851 880 taetitia,
862 825 884 870 et
902 820 1056 870 circumdabit
1070 821 1092 866 tc
1107 819 1223 877 maiestas
1237 821 1283 866 Do-

194 891 313 953 qnamdiu
323 889 460 938 interdictis
467 889 621 948 abstinuere,
630 889 724 937 nescie-
748 891 815 937 mini.
828 891 920 938 Bonum
937 887 1115 937 uestimentum
1135 887 1190 941 lux.
1201 885 1287 946 scrip«

193 960 256 1008 bant
268 970 321 1006 esse
330 970 357 1005 se
367 958 445 1005 nudos
456 970 464 1003 r
475 958 559 1017 postea
573 969 646 1016 mam
655 969 725 1003 man-
749 959 802 1005 tum
820 959 858 1005 est
875 959 942 1006 enim
959 971 966 1003 c
984 957 1147 1006 circumdatus
1158 956 1210 1002 tuce
1227 958 1283 1003 sinat

195 1025 350 1075 dataverunt
359 1024 390 1072 de
400 1024 532 1072 interdicta
540 1023 725 1082 arboremudt-
747 1024 1287 1089 uestimento.Bonumvestimeutum,quaudo.

174 1104 177 1112 ·
194 1098 234 1144 tos
251 1106 305 1142 esse
327 1106 354 1142 se
372 1092 547 1152 coguoverunt.
565 1092 651 1139 Merito
669 1103 725 1151 ergo
750 1094 1286 1156 cimumaatnommusetoperttJeij

195 1164 288 1213 mulier
306 1163 350 1210 ubi
371 1162 451 1222 culpae
469 1159 569 1222 agnovit
585 1161 725 1217 auctorem,
978 1189 1056 1213 --,

196 1231 348 1292 interrogata
355 1229 483 1292 respondit
491 1243 497 1275 :
506 1233 604 1290 serpens
612 1232 726 1291 persuasit
928 1246 1055 1300 CAPUT
1067 1243 1107 1295 v,

200 1303 298 1359 '¹⁸75’ae
309 1301 456 1379 mandufff'
463 1299 569 1358 serpens
579 1299 661 1378 ἕψω
672 1310 727 1377 ΒΨ
750 1328 795 1366 ltoe
810 1328 870 1378 quod
881 1328 999 1367 inebriatus
1012 1328 1091 1369 tuerit.
1102 1325 1129 1364 ob
1140 1324 1286 1374 ignorantiam

196 1369 507 1429 (let‚1)0missu⁸lel¹¹¹lfll'⁰
519 1367 727 1423 decem-nem·
773 1388 926 1422 excusaturzet
939 1393 990 1431 quae
1002 1383 1058 1420 mala
1073 1392 1100 1419 cx
1118 1381 1166 1418 vini
1181 1373 1287 1426 usn'nata

196 1450 245 1504 qne
255 1437 351 1496 ipseait
360 1436 728 1494 :tdouateetoratcmeiutrctta
773 1437 827 1483 unc,
839 1447 914 1487 quaeve
930 1438 986 1475 bona
1000 1447 1025 1474 ex
1034 1435 1131 1498 ciusdem
1147 1433 1285 1483 abstinencia,

195 1508 223 1556 in
233 1507 391 1555 mationem·
403 1503 488 1563 Itaque
499 1502 556 1562 gula
569 1503 600 1549 de
616 1503 727 1562 paradiso
774 1492 883 1541 propositis
890 1491 996 1541 utrinque
1004 1489 1105 1538 exemplis
1114 1487 1250 1527 declaratur.

196 1575 343 1635 regnantem
359 1572 471 1632 expulit,
483 1571 632 1619 abstinentia
643 1571 674 1619 ad
683 1583 728 1632 pa·
782 1571 821 1621 io.
835 1573 957 1619 Numeros
976 1570 1028 1618 erat
1044 1570 1095 1624 Noe
1114 1568 1215 1630 quando
1234 1569 1284 1616 ine-

123 1683 125 1687 .
196 1644 306 1701 radisum
315 1639 441 1690 revocavit
451 1639 582 1688 errantem.
752 1639 846 1688 briatus
862 1642 913 1698 est,
925 1639 991 1688 texit
1000 1651 1057 1686 enm
1072 1637 1153 1698 pietas
1170 1637 1283 1684 illiorum.

229 1714 253 1762 8.
260 1713 289 1762 nt
296 1712 434 1760 dixitlteus
442 1723 449 1757 c
456 1712 517 1757 llccc
524 1709 602 1758 Adam
612 1709 729 1770 (octoscrt
752 1707 801 1755 Sed
811 1709 915 1764 nudatus
926 1710 979 1756 erat
993 1719 1039 1768 per
1049 1707 1230 1767 ignorantiam,
1238 1718 1284 1754 nou

197 1785 267 1844 qood
286 1795 347 1829 uuus
367 1794 399 1828 coc
417 1779 497 1837 nobb.
514 1776 622 1825 lrridens
642 1778 728 1838 utique
753 1789 798 1837 per
815 1777 1047 1838 intemperantiam
1059 1777 1141 1824 adbuc
1161 1776 1232 1823 enim
1248 1775 1285 1824 vi-

197 1850 278 1909 Deus,
289 1861 339 1896 nou
357 1847 492 1908 approbans
512 1844 588 1904 dicit,
604 1846 650 1893 hoc
672 1847 729 1894 estc
754 1857 812 1893 uum
826 1847 990 1902 nesciebatur.
1001 1846 1030 1893 ln
1046 1845 1172 1906 principio
1190 1844 1288 1905 generis

193 1911 732 1972 ,Putabastesimilemiorenostriasedquiu,
755 1913 856 1961 humani
876 1914 1032 1975 ignorabatur
1052 1913 1170 1962 ebrietas.
1192 1914 1285 1962 Primus

198 1984 302 2047 noluisti
318 1995 371 2031 esse
390 1981 455 2042 quod
471 1992 520 2028 non
536 1993 603 2040 eras,
614 1981 729 2038 destitisti
754 1982 806 2042 ipse
822 1983 944 2042 plantavit
952 1984 1051 2034 uincam
1060 1981 1148 2029 :dedit
1159 1982 1284 2043 naturam,

198 2067 253 2105 esse
267 2051 333 2114 quod
348 2063 402 2105 eras
413 2063 420 2095 s
430 2049 495 2096 iutra
510 2049 535 2096 te
551 2060 619 2108 eras,
631 2049 657 2097 et
671 2049 730 2096 dum
754 2049 798 2096 sed
811 2049 933 2108 ignoravit
946 2051 1090 2111 potentiam.
1101 2050 1189 2110 ltaque
1203 2049 1286 2097 viuum

199 2135 274 2186 supra
293 2122 319 2170 to
339 2131 393 2167 esse
413 2117 527 2176 allectas,
546 2115 610 2163 inira
630 2116 656 2164 te
677 2129 730 2164 csse
754 2131 801 2166 nec
812 2131 855 2166 suo
869 2119 981 2179 pepercit
994 2119 1102 2178 auctori.
1111 2118 1178 2176 Quid
1197 2120 1288 2178 mbum

200 2191 307 2253 caepisti.
320 2189 433 2247 Denique
453 2184 554 2235 vestivit
571 2196 628 2232 eum
647 2185 730 2233 tunica
755 2187 775 2234 si
796 2200 850 2234 cum
871 2188 991 2235 Dominus
1011 2187 1063 2247 ipse
1084 2188 1213 2249 creaturas
1233 2199 1285 2234 suas

198 2262 306 2325 pellicea
318 2257 400 2319 prius,
411 2255 437 2303 et
452 2255 487 2301 sic
502 2254 537 2300 ait
548 2266 555 2300 z
565 2255 625 2301 Ecce
639 2255 730 2309 Adam,
755 2255 905 2315 laudaverit,
917 2257 942 2304 et
958 2256 1004 2303 iste
1015 2255 1119 2316 miratus
1133 2256 1176 2315 est
1182 2255 1192 2302 ἓ
1204 2256 1284 2316 ltaque

200 2330 271 2392 quasi
288 2326 354 2375 dicat
366 2326 445 2383 :accc
463 2321 568 2369 amictus
585 2322 657 2380 tuus,
671 2333 730 2369 ecce
755 2336 811 2370 cum
830 2337 887 2372 eum
908 2324 1043 2373 delectaret
1062 2324 1158 2383 reperti
1179 2324 1288 2374 muueris

199 2402 304 2461 dignum,
311 2394 481 2451 indumentum
492 2393 564 2440 tuum
571 2423 580 2450 ,
589 2391 630 2438 hic
640 2390 666 2438 te
676 2404 730 2442 res-
754 2393 845 2452 gratia,
863 2394 968 2441 tentavit
983 2393 1156 2445 vehementior
1176 2395 1286 2452 creatura

198 2469 261 2518 titus
278 2463 415 2522 deretani
433 2461 517 2510 diuina
539 2460 666 2519 affectant,
686 2460 730 2515 tali
755 2461 1289 2527 insuetos.serusartus,turbuu1tnouapotio.

200 2537 270 2598 digni
280 2535 403 2582 habentur
413 2532 510 2578 ornatu.
519 2533 581 2576 Ecce
592 2529 676 2589 quote
687 2529 730 2576 tua
754 2532 945 2579 Dormitoaerunt
951 2562 960 2587 ‚
969 2529 1110 2591 inquinata·
1121 2531 1286 2578 adscendcmut

201 2602 274 2664 culpa
285 2600 542 2657 deduxit,eccennnc
553 2597 580 2643 in
590 2598 636 2644 hac
646 2598 730 2645 tunica
755 2612 832 2658 equos.
855 2598 988 2651 adscendit
1016 2599 1124 2656 corporis
1148 2599 1290 2658 voluptates

200 2674 306 2736 pellicea
322 2671 445 2728 tamquam
458 2679 523 2719 uuus
540 2679 573 2715 ex
588 2667 658 2714 nobis
673 2679 731 2725 ape-
753 2666 878 2726 justus,et
885 2666 1096 2714 obdormivitsed
1105 2667 1176 2713 illius
1184 2667 1288 2714 ebrietas

200 2742 274 2792 ruisti
294 2739 385 2787 oculos.
401 2735 564 2794 Circumspice
585 2734 729 2795 diligenter,
755 2737 826 2782 uobis
842 2735 929 2782 suadet
944 2735 1211 2793 sobrietatem.Semel
1224 2735 1290 2790 euim

200 2812 294 2870 nudum
305 2809 330 2856 te
346 2802 730 2865 adspicimquemrestitumpu-
755 2803 892 2851 inebriatus
912 2805 948 2851 est
967 2806 1029 2861 Noe.
1047 2803 1094 2850 Ubi
1113 2815 1175 2851 vero
1197 2805 1287 2851 malum

198 2881 281 2937 tabas.⁴
756 2873 883 2920 ebrietatis
898 2873 1010 2932 agnovit,
1021 2871 1151 2930 inventum
1169 2885 1244 2923 suum
1258 2872 1287 2920 ad

231 2950 256 2996 9.
267 2946 330 2994 Gula
338 2957 394 3004 ergo
404 2943 481 2991 nudos
490 2940 664 3001 facit,ieiunia
671 2952 731 2999 ope·
754 2944 892 2991 remedium
913 2944 1062 3003 temperavit
1071 2975 1079 3001 ,
1089 2955 1139 2989 non
1158 2942 1248 3005 effudit
1257 2941 1285 2988 ad

200 3017 269 3065 riuut
289 3014 364 3062 etiam
385 3015 479 3068 exutos.
496 3010 565 3057 Unde
583 3009 662 3056 David
679 3010 729 3067 ait,
756 3012 932 3060 vitium.Unde
950 3015 976 3060 et
991 3012 1118 3071 Apostolus
1133 3011 1170 3060 ait
1182 3027 1189 3058 s
1200 3002 1290 3076 bbdico',

202 3086 289 3144 Opccni
298 3084 323 3129 in
329 3082 418 3140 jejunio
430 3080 535 3125 animum
546 3078 731 3124 meam.Bonum
756 3083 809 3129 oiao
824 3085 887 3130 utere
900 3084 995 3142 propter
1006 3081 1135 3141 frequentes
1154 3082 1211 3131 tuas
1226 3084 1287 3143 trisa-

201 3145 729 3211 operimentum,qnodanimamtegit,nea
754 3152 856 3199 mirarer.

201 3218 324 3266 tentatore
335 3212 540 3274 deprehendatur,
546 3225 577 3259 ne
586 3225 600 3258 a
610 3213 730 3260 tentatore
786 3218 824 3265 ll.
833 3218 944 3267 Manebat
953 3217 1084 3278 autequam
1094 3210 1184 3266 vviuum
1193 3218 1287 3267 invent.

195 3287 319 3340 ‘nudetur
335 3285 428 3333 Boniun
448 3283 562 3330 velamen
583 3281 648 3341 quod
667 3281 731 3340 tegit
755 3287 839 3344 retur,
860 3287 973 3333 omnihus
1000 3286 1144 3333 inconcussa
1172 3287 1287 3346 libertas,

201 3353 386 3416 culpam,tegit
399 3349 632 3409 abstinentia,tegit
643 3351 728 3410 gratia.
754 3366 827 3400 nemo
846 3354 939 3401 sciebat
958 3365 972 3400 a
993 3354 1103 3401 consorte
1122 3354 1219 3401 naturae
1239 3366 1288 3402 snas

201 3422 355 3485 Beatipenim
371 3433 476 3482 quorum
486 3421 593 3468 remissae
609 3421 666 3468 suut
681 3420 730 3467 ini·
755 3424 871 3482 obsequio
889 3423 1015 3480 seruitutis
1031 3423 1142 3480 exigere.
1154 3424 1208 3476 Non
1225 3420 1286 3470 esset

202 3491 320 3553 unitates,
331 3490 356 3536 et
364 3501 466 3549 quorum
478 3488 542 3535 tecta
553 3488 610 3534 suut
619 3489 728 3547 peccata.
754 3491 828 3538 hodie
843 3491 962 3550 servitus,
972 3491 992 3538 si
1003 3490 1110 3538 ebrietas
1125 3504 1177 3538 non
1193 3491 1283 3539 fuisset.

201 3561 273 3620 'legit
289 3559 379 3618 gratia,
394 3558 452 3612 dum
464 3556 582 3616 remittit,
593 3558 618 3604 et
633 3569 729 3603 omnem
755 3560 900 3620 Obrepserat
910 3558 1010 3618 quidem
1025 3559 1076 3617 jam
1095 3557 1210 3619 fraterrae
1222 3571 1286 3617 pra·

200 3629 284 3677 abolet
294 3641 401 3680 errorem
410 3641 417 3674 ι
426 3626 487 3688 tegit
497 3627 658 3686 abstinentia,
670 3627 729 3674 dum
754 3629 852 3677 lationis
864 3627 970 3686 inuidia,
981 3626 1096 3686 manebat
1107 3627 1192 3674 umen
1208 3627 1291 3686 adhuc⁴

202 3697 333 3746 obumbrat
346 3697 452 3756 vidum,
464 3697 489 3746 et
504 3697 589 3743 moesto
605 3696 729 3742 abscondit
754 3695 1292 3757 paternaepietatisrevereutia.Laesapietas

201 3766 304 3823 attactu,
312 3764 385 3822 atquc
393 3764 512 3830 extenuat
519 3764 731 3823 poenitendoAEte-
743 3826 745 3831 ,
755 3767 805 3827 est,
816 3767 874 3818 dum
884 3765 979 3823 ridetur
989 3763 1106 3812 ebrietas.
1114 3765 1167 3811 Non
1178 3765 1229 3813 illis
1239 3765 1288 3813 itu·

201 3835 255 3884 nim
261 3831 382 3892 ieiunium
389 3865 397 3891 ,
405 3832 432 3878 et
439 3832 595 3892 eleemosyna
605 3844 620 3878 a
629 3833 730 3892 peccato
754 3847 802 3894 que
818 3833 876 3882 solis
887 3834 1042 3892 nocentvina
1052 3832 1288 3893 (praetentarent

201 3901 317 3952 liberant.
330 3900 434 3960 opertus
451 3899 504 3946 erat
519 3899 594 3946 Adam
610 3901 730 3949 uirtutum
755 3901 1287 3962 etillisampliusquorumoculistemulenta

202 3973 326 4023 velamine
351 3968 492 4031 priusquam
516 3968 730 4026 prevaricaretur3
755 3971 878 4017 ebriorum
889 3968 1291 4026 membranudanturdlincrisus

204 4040 248 4100 oct
266 4046 389 4105 tamquam
409 4036 498 4088 exutus
516 4036 729 4108 praevaricatione,
742 4099 744 4106 Ι
755 4041 894 4087 irreverens
903 4036 1020 4108 nascitur,
1032 4035 1090 4087 hino
1100 4035 1180 4087 libido
1191 4037 1288 4104 iudam·

78 4322 227 4520 Ὶ
