2752 4806
128 434 181 492 ‘las
516 437 837 489 slucrrlunuosu
870 439 873 443 ·
906 452 909 458 ·

131 523 226 588 despici
245 534 271 573 ss
295 523 367 583 iustis
386 522 458 572 duxit
483 523 620 585 doloribus,
631 524 657 572 ei
683 526 813 586 angustiis,
831 524 950 571 mundare
965 519 1054 570 animae
1072 522 1163 572 uostrae
1178 516 1216 572 loa·

131 593 226 642 hostem
234 593 340 654 perculit
346 592 464 656 despectu
470 594 585 654 periculi,
591 593 658 654 qued
682 605 739 638 cum
751 592 781 638 ab
797 591 863 638 omni
874 590 1076 650 inquinamento,
1092 591 1219 655 projicere*

131 661 236 722 gloriose
254 660 303 710 'sihi
318 674 362 722 pro
372 661 466 709 uitione
484 662 584 722 pietatis
599 660 658 709 sub-
682 661 764 708 sordes
778 660 972 718 malevolentia,
982 659 1004 706 sl
1015 659 1131 707 volumus
1141 659 1224 719 spirim

132 729 242 778 eundum
266 729 370 791 putavit.
387 730 434 777 Dei
457 744 553 791 quoque
577 731 603 776 in
627 741 657 776 eo
682 731 735 777 tum
751 729 863 789 recipere
873 728 1087 788 sapientiae31quia
1099 728 1125 775 in
1137 729 1215 776 malo-

130 798 277 858 praedicatur
292 799 401 858 iustitia,
419 799 462 859 qui
480 799 658 846 remuneratio·
683 798 763 844 volam
778 798 945 843 animamnon
956 794 1070 844 introibit
1081 795 1214 855 sapientia.

130 878 189 914 uem
199 867 248 927 piis
265 868 389 914 mentibus
407 880 456 914 non
468 881 500 915 ex
511 867 656 915 necessitate
682 866 880 913 Credidltautem
888 864 1215 923 Abrabam,nouanri‚uon

129 933 310 994 promissi,sed
321 947 353 982 ex
361 935 483 994 aequitalis
490 948 539 983 snae
550 938 657 982 contem·
682 934 777 992 argemi
796 934 896 981 illectus
912 932 1054 981 testimonio
1072 945 1079 978 ι
1096 932 1142 979 sed
1155 928 1221 1001 qnia

79 1021 89 1033 v
130 1002 239 1063 piatione
249 1003 364 1063 largitur,
370 1004 484 1061 iudicans
493 1004 594 1064 dignum
604 1003 656 1051 iore
682 1003 755 1050 eorde
766 1002 870 1051 credidit
877 1003 909 1050 ad
916 1001 1048 1059 iustitiam.
1060 1000 1090 1046 ln
1100 1013 1148 1060 quo
1156 1012 1215 1059 pro·

130 1071 197 1131 quod
212 1071 240 1119 hi
255 1072 298 1132 qui
313 1071 420 1118 militent
431 1072 484 1118 sine
501 1072 582 1131 aliqua
591 1083 657 1117 mer·
682 1070 766 1117 batum
777 1071 815 1117 est
825 1070 877 1128 eiius
885 1069 1015 1128 meritum,
1024 1067 1051 1114 in
1060 1079 1092 1115 eo
1101 1069 1212 1127 persolu⁴

131 1138 200 1186 cedis
207 1139 656 1199 humanaeremunerationerepositum
682 1139 734 1186 tum
744 1138 782 1186 est
797 1138 935 1197 premium,

131 1206 238 1256 habeant
245 1209 375 1269 praemium
385 1209 411 1255 in
422 1210 476 1268 ejus
486 1209 607 1267 bonitate,
616 1209 656 1254 eui
711 1205 751 1255 te.
759 1208 873 1266 Denique
881 1207 964 1254 stetim
971 1205 1028 1254 lidei
1037 1201 1214 1264 musteis-o-

131 1273 287 1322 devovendas
297 1275 391 1322 anlmas
402 1287 456 1322 suas
468 1275 656 1322 aestimaverint.
682 1274 751 1322 uinm
769 1277 889 1322 Dominus
903 1274 971 1322 dedit
986 1275 1073 1322 diceus
1086 1287 1093 1320 ε
1106 1276 1212 1335 mcum

131 1340 209 1388 Simul
216 1343 274 1402 qnia
281 1343 480 1390 adorelsbellicis
487 1355 519 1390 ex
526 1358 573 1391 usu
580 1345 657 1404 ipsius
681 1345 796 1392 Dominus
805 1348 868 1392 neas
884 1345 987 1403 iuusprei
995 1345 1069 1391 cdstsi
1079 1345 1138 1390 tede
1151 1347 1213 1391 urm

131 1409 255 1470 victoriae,
266 1412 309 1459 ant
318 1411 446 1458 bominum
456 1411 534 1470 gratia
545 1415 656 1472 paratum
682 1412 856 1469 (thaidem,
863 1415 890 1459 ut
898 1413 978 1459 wrcen
989 1412 1032 1459 tibi
1039 1414 1132 1459 terrosa
1140 1411 1213 1470 bovis,

132 1481 170 1527 ost
179 1480 534 1540 praemlum3pietatisauiem,
545 1482 570 1528 et
578 1482 657 1541 parci·
681 1483 708 1528 ot
722 1481 794 1529 berec
804 1495 862 1529 casca
875 1482 933 1541 ejvs.
944 1482 974 1528 Bt
990 1480 1050 1540 quia
1067 1480 1213 1539 deposuerat

83 1545 87 1553 '
132 1547 236 1608 monia,
246 1547 374 1608 puritatis,
386 1548 577 1607 caeterarumque
588 1549 658 1596 velut
682 1548 802 1595 Abrabam
813 1549 920 1597 studium
930 1547 1116 1606 Chaldaeorum,
1126 1547 1213 1608 quaerit

81 1664 82 1667 ,
131 1616 283 1676 privatarum
301 1615 420 1664 virtutum
438 1628 453 1662 a
470 1616 521 1663 Deo
544 1617 655 1664 solvitur.
681 1616 1007 1678 nunccQuomodo,iuquit‚
1018 1617 1212 1677 intettipomqeia

131 1685 190 1742 Quae
208 1683 338 1732 manifesta
359 1686 417 1731 sunt
433 1683 587 1745 bominibus,
609 1685 657 1745 ipsi
682 1685 1038 1744 bercsciosmmillocest,jam
1046 1684 1231 1732 divinationes·

130 1752 329 1801 remunerantur.
334 1753 387 1800 lion
397 1753 479 1800 omnia
488 1753 569 1800 autem
578 1754 658 1801 mani·
682 1766 808 1813 magorum
818 1753 961 1813 repudiavi,
972 1753 1033 1800 doce
1041 1765 1084 1800 me
1092 1753 1213 1813 quomodo
1249 1776 1253 1791 ι

133 1820 209 1878 testa,
221 1819 265 1866 sed
275 1820 323 1866 alia
333 1818 476 1879 manifeste,
486 1819 534 1866 alia
549 1820 656 1880 incerta,
682 1823 757 1869 sciam
767 1835 807 1869 me
818 1822 926 1871 futurum
934 1823 1006 1870 terrae
1014 1822 1070 1880 eius
1078 1823 1212 1872 haeredem.

133 1888 159 1936 et
169 1889 278 1935 maxime
295 1889 389 1935 occulta
400 1887 487 1934 cordis.
498 1888 568 1935 Unde
580 1889 605 1936 et
615 1889 658 1935 ille
682 1891 728 1948 Qui
740 1890 953 1951 quaeritquomodo
961 1890 1035 1950 sciat,
1045 1891 1211 1951 nondubitat,

133 1957 168 2006 a'it
177 1970 184 2003 ε
194 1959 287 2004 incerto
295 1959 317 2003 el
325 1957 413 2004 ocmdto
423 1958 659 2016 cordlsmomtcstocli
683 1959 855 2007 manifestante
863 1961 929 2018 Deo,
938 1972 1120 2019 cognoscerem
1128 1973 1211 2021 posses

132 2027 204 2085 mibi,
228 2036 332 2084 quorum
349 2024 471 2084 spectator
490 2025 516 2071 et
539 2025 659 2074 scrutator
683 2026 835 2073 sediormam
844 2027 1059 2087 vultncquirendae
1067 2029 1213 2088 cognitionis

131 2096 199 2145 Deus
210 2095 256 2142 est.
266 2094 318 2140 lion
329 2105 386 2151 ergo
397 2103 509 2152 maguam
519 2093 658 2140 mercedem
683 2095 821 2143 advertere.
838 2091 898 2144 llam
911 2099 937 2144 et
951 2097 977 2142 iu
993 2098 1129 2157 Evangelio
1139 2098 1212 2145 liaris

132 2161 285 2225 promisisset
301 2162 417 2220 lbrabae,
435 2160 483 2208 uisi
501 2173 589 2220 puram
605 2162 658 2207 ani·
683 2175 740 2209 cum
749 2163 856 2212 audisset
864 2166 894 2211 ab
903 2165 994 2224 angelo
1002 2164 1062 2223 quia
1070 2165 1141 2226 virgo
1149 2166 1212 2226 pari·

131 2243 198 2281 mam
218 2230 250 2278 ab
268 2229 335 2278 omni
353 2228 495 2290 contagione
514 2229 659 2276 delictorum
683 2231 813 2278 luraesset
825 2232 918 2291 lilium,
934 2231 1063 2291 respondit
1074 2246 1082 2278 ε
1094 2236 1212 2296 Quomodo

129 2299 273 2361 judicasset.
682 2299 720 2356 fiet
731 2300 804 2357 estod,
821 2303 932 2360 pausiam
946 2302 1023 2348 cirum
1037 2314 1090 2349 non
1104 2301 1212 2364 comnovi!

162 2367 658 2432 ⁶8.Sanctaetamenetpropbeticaemen-
684 2365 1213 2431 Etiurerespondit,bocestsdumidquod

131 2438 229 2496 tiscura
238 2437 470 2498 majorposteritalis
478 2437 603 2497 perpetuae
612 2437 656 2483 est.
683 2436 775 2482 naturae
783 2436 835 2494 est,
844 2448 893 2482 non
904 2436 1031 2495 suppetat,
1042 2438 1106 2496 quia
1115 2440 1212 2486 non‘so·

132 2506 220 2552 Parius
233 2506 299 2552 enirn
311 2505 438 2564 sapientiae
449 2507 475 2552 et
484 2504 542 2552 lidei
554 2505 659 2551 haeredi·
683 2503 718 2550 let
726 2515 812 2563 parere
821 2516 875 2562 quae
883 2503 936 2551 viro
944 2503 1227 2565 noniueratcopulata,.

133 2571 211 2621 tatem
230 2571 362 2618 desiderat.
373 2571 431 2618 ideo
448 2573 483 2618 ait
502 2585 509 2617 c
527 2574 586 2633 Quid
601 2573 660 2620 milii
683 2584 764 2630 quaero
774 2571 990 2631 quomodopraeter
996 2571 1114 2621 instituta
1120 2574 1213 2622 natura

133 2637 219 2688 debis?
234 2640 285 2700 Epo
304 2641 382 2686 ostem
406 2641 509 2687 dimittor
530 2643 578 2687 sine
594 2641 656 2699 [iliis.
683 2640 774 2698 possim
785 2640 853 2699 virgo
864 2639 1015 2700 generaret·

133 2707 250 2756 Ecclesia
275 2706 384 2754 sobolem
411 2707 578 2768 desiderabat,
603 2720 658 2755 cam
713 2709 751 2756 50.
767 2710 836 2756 llicit
853 2710 931 2756 colem
947 2711 983 2757 illi
996 2711 1115 2760 Doanism
1125 2715 1213 2761 'Deest

112 2811 115 2816 -
133 2775 316 2825 successionem
334 2775 503 2836 petebatque
528 2789 577 2823 nou
595 2777 659 2824 esset
683 2779 752 2824 Sume
767 2778 827 2824 mibi
839 2778 938 2825 vitulam
952 2779 1062 2835 immam,
1078 2782 1102 2826 et
1118 2793 1214 2841 comem

132 2844 247 2907 servilis,
263 2844 308 2893 sed
328 2845 407 2892 libera
428 2858 435 2890 s
453 2856 503 2891 uon
525 2845 659 2892 secundum
683 2846 822 2901 irimom,ct
829 2846 1042 2901 orietcmtrimum,
1054 2849 1077 2892 et
1086 2849 1214 2904 turturem,

132 2927 246 2974 samem,
260 2913 304 2962 sed
319 2913 453 2962 secundnm
467 2914 578 2973 gratiam.
589 2914 660 2961 ideo-
683 2913 1166 2972 elcotombom.Praeteriremhujusmodi
1177 2915 1213 2961 in-

132 2994 182 3040 que
194 2981 335 3037 hujusmodi
345 2993 486 3040 responsum
497 2979 607 3028 divinum
617 2994 659 3028 re·
683 2982 885 3041 terpretationem
901 2982 1028 3040 sacrificii,
1044 2983 1096 3030 nisi
1110 2984 1214 3044 quibus·

132 3048 248 3108 sultavit,
259 3060 308 3108 quo
323 3048 423 3096 edoctus
438 3048 533 3095 audivit
548 3051 660 3109 :Respice
684 3049 1029 3111 damserupulumhincnasci
1040 3051 1213 3111 adverterem,

132 3120 158 3161 in
167 3116 264 3174 coeism,
271 3119 298 3162 et
306 3127 405 3174 numero
414 3116 502 3172 stelias,
512 3117 534 3163 ci
542 3119 604 3175 potes
614 3129 660 3164 aa·
684 3129 713 3163 eo
727 3119 792 3177 quod
806 3118 951 3177 aruspicinae
962 3118 1076 3178 qnoedam
1091 3119 1167 3168 scribi
1177 3121 1213 3167 vi·

132 3195 237 3231 merore.
246 3184 356 3240 Btdieit,
365 3184 452 3231 siccrit
461 3186 660 3234 commiscendi
684 3185 770 3234 deatur
780 3188 933 3246 solemnitas3
950 3186 1015 3246 quod
1029 3188 1087 3246 post
1101 3188 1213 3236 immola-

133 3252 229 3299 credidll
238 3250 330 3300 mom
339 3254 402 3307 Deo,
414 3253 436 3297 et
450 3253 583 3311 reputatum
593 3256 626 3300 est
639 3255 661 3300 ei
684 3254 775 3301 tionem
787 3254 865 3302 divisa
880 3254 938 3302 sunt
951 3256 1082 3317 animalia,
1094 3258 1121 3305 et
1130 3259 1212 3306 sonsa

133 3321 169 3370 ad*
179 3321 304 3380 ivaiidom.
322 3319 388 3378 Quid
402 3318 523 3367 credidit?
540 3321 591 3367 iloc
609 3323 659 3381 est,
684 3321 773 3369 faciem
792 3323 937 3370 alterutrum
951 3322 1045 3382 posita,
1063 3326 1090 3372 et
1105 3324 1213 3373 consedit

132 3401 183 3438 non
193 3390 272 3438 solum
281 3385 469 3437 multitudinem
478 3389 659 3447 populorumiu
685 3390 1213 3451 illislbraham.scdsiviminterrogationis

132 3456 255 3506 chrlstum
262 3457 429 3515 credentium,
437 3456 481 3504 sed
489 3457 564 3504 etiam
575 3459 660 3506 coeles·
684 3459 814 3517 praemissae
824 3458 850 3505 ei
859 3459 948 3507 iuturae
959 3461 1126 3520 responsionis
1134 3461 1213 3509 consi·

132 3526 166 3574 tis
182 3527 266 3584 gratim
280 3526 449 3586 splendorem,
461 3526 487 3573 et
500 3527 660 3574 resurrectio-
684 3526 1213 3588 derernus,adverterepoterimusspeinos-

133 3605 191 3640 nem
208 3593 266 3641 vitae
284 3593 427 3640 immortalis
446 3593 529 3656 soboli·
545 3595 659 3642 Ecclesia
684 3595 727 3641 trae
746 3595 771 3641 et
786 3594 844 3642 lidei
861 3596 993 3643 convenire
1009 3595 1085 3654 buius
1099 3597 1214 3644 sacrillcii

134 3659 300 3707 deferendam.
311 3661 375 3718 Quid
385 3662 422 3710 est
436 3662 659 3722 eutemquodait:
685 3663 848 3722 disciplinam.
869 3664 968 3711 Vitulus
991 3664 1059 3712 enim
1080 3665 1214 3713 aratorium

134 3729 224 3776 Eduxit
231 3741 284 3774 eum
293 3727 374 3787 foros?
384 3730 518 3789 'tamquam
526 3730 589 3778 toras
600 3732 660 3779 edu·
684 3731 774 3777 animal
783 3732 833 3791 est,
841 3731 952 3779 deditum
960 3732 1060 3778 terreno
1069 3734 1160 3780 labori.
1171 3733 1214 3781 (¹12-

133 3795 198 3843 citur
207 3796 342 3854 Propheta,
350 3797 379 3843 ut
389 3798 462 3844 exeat
469 3798 533 3845 iores
543 3801 659 3859 corporis,
684 3811 727 3858 pra
733 3799 762 3845 ad
768 3799 885 3858 aquarum
891 3799 1079 3847 similitudinem
1086 3813 1131 3860 per
1139 3801 1214 3862 aenit-

134 3865 161 3914 et
170 3863 292 3924 angustias
302 3864 381 3910 carnis
391 3864 538 3926 operientis,
547 3879 575 3915 ac
586 3869 661 3928 Spiri-
684 3865 749 3911 mata
760 3866 890 3926 figuratur,
904 3879 933 3914 eo
944 3866 1008 3927 quod
1017 3863 1052 3918 se
1062 3880 1142 3927 graece
1152 3884 1214 3930 παρα

134 3935 175 3983 ιω
190 3930 267 3980 sancti
278 3931 440 3992 infusionem,
452 3932 477 3980 et
492 3934 564 3983 velut
573 3948 660 3995 quam.
683 3949 709 3977 το
720 3930 797 3978 alsone
806 3935 896 3982 nomen
911 3936 1049 3994 acceperit,
1057 3936 1090 3983 ab
1103 3949 1134 3985 eo
1150 3937 1215 3997 qtlotl

131 4002 191 4050 dam
201 4000 383 4051 descensionem
394 4001 485 4050 videat.
497 4001 601 4061 Oportet
616 4015 660 4052 uos
685 4001 722 4049 est
733 4003 828 4063 impetu
843 4002 912 4050 terri.
928 4002 968 4051 Sic
985 4003 1051 4051 enim
1063 4005 1142 4063 currit
1151 4006 1214 4054 sicui

134 4069 317 4138 quoqueexire
335 4082 368 4119 ex
383 4069 424 4120 bis
439 4069 567 4119 diversorii
582 4070 659 4121 nostri
685 4067 711 4120 et
728 4068 799 4133 aqua.
821 4073 949 4120 Possumus
967 4073 1008 4120 vel
1029 4073 1215 4131 doiluviorvm
