2752 4806
447 375 491 422 uu
510 376 689 422 nananrso
707 375 810 423 ursus
827 374 925 422 unna
967 352 973 359 ’
1185 371 1232 420 tm

141 469 175 519 pe
193 456 270 506 babet
288 457 314 506 et
333 453 527 505 amaritudinem
543 455 675 517 quamdam
701 455 841 517 disoaquorl
853 453 1091 516 eratspeciosumad
1103 454 1231 511 visumst

143 526 225 587 tellis,
235 539 290 589 quas
300 526 321 575 si
332 525 359 573 iu
374 537 507 574 commune
522 527 675 586 prospicias,
701 527 793 574 bonum
804 524 926 573 adescam
936 524 1019 586 specie
1028 524 1168 575 ridebatur.
1177 524 1231 574 tlon

143 594 177 642 ad
192 596 299 643 salutem
315 593 424 643 bominis
440 592 510 642 utilis
530 593 670 642 brreuitur.
701 595 769 644 euim
780 607 829 642 usu
844 592 937 642 bonum
948 593 980 641 ad
994 606 1075 658 escam
1086 595 1152 651 aaa
1167 605 1231 654 quo

143 661 207 722 arno
218 663 243 710 oi
251 662 316 723 quod
324 663 416 710 malum
424 662 555 723 putamus,
565 661 676 722 plerum·
701 665 768 711 niam
778 675 835 712 esca
843 663 905 729 ¹eius
916 661 1017 712 ridetur
1032 662 1173 729 bominibus
1186 662 1231 711 ob-

138 742 191 790 ‘que
201 742 251 777 uon
261 742 306 792 per
316 730 399 778 omrriu
419 731 512 778 malum
523 729 576 790 esi,
587 730 631 777 sed
649 730 676 776 in
701 731 787 781 fuisse·
798 734 860 793 Ergo
876 730 916 780 est-
930 731 996 791 quod
1010 729 1115 789 siupulis
1129 730 1230 789 noceat,

143 809 273 846 commuue
284 800 357 848 utile.
371 799 432 847 Nam
443 799 507 847 sieut
519 799 553 846 iel
566 799 595 846 ln
604 803 675 861 pmrto
701 802 865 851 incommune
872 801 959 863 presit,
967 799 1075 849 utiudae
1084 798 1171 846 nocuit
1178 798 1231 846 dia·

143 869 182 914 esi
192 869 314 928 corporis,
324 868 351 916 ei
358 869 447 928 tamen
452 867 486 916 nd
496 868 571 915 lolius
580 867 676 915 nlilita-
701 872 929 936 bolas‚sedpraeter
937 872 1010 919 illum
1017 881 1105 917 omues
1112 867 1233 929 apostolos

144 935 196 982 tem
207 936 316 997 corporis
326 936 426 998 prodest
437 951 444 984 a
457 936 493 986 ita
506 936 611 984 utilitati
623 948 677 983 om·
701 941 844 1002 coronavit,
852 941 896 1003 qut
904 938 1007 989 malinas
1016 938 1071 998 ejus
1080 937 1233 987 tentaturus-a

142 1003 213 1051 nium
221 1005 375 1066 profuturam
384 1005 539 1056 sciensDeus
547 1004 677 1052 scientiam
701 1011 825 1059 vicerunt.

142 1070 202 1120 boui
213 1076 239 1120 et
248 1075 325 1134 mali,
336 1075 364 1122 in
373 1075 445 1135 pario
456 1073 600 1134 coustituit,
611 1072 641 1119 ut
650 1071 678 1119 lu
733 1080 772 1126 to,
783 1080 868 1138 ltaque
876 1090 960 1139 nequa
968 1074 1141 1132 dubitandum,
1148 1084 1234 1134 neque

142 1151 275 1189 commuue
284 1142 422 1202 prodesset.
510 1143 514 1150 '
540 1147 545 1156 ¹
703 1147 936 1207 reprehendendum
946 1141 1233 1209 quodinparadisodia·

174 1208 200 1257 9.
209 1210 323 1270 Denique
331 1209 475 1270 serpentem
483 1209 509 1256 in
517 1206 631 1268 paradiso
639 1207 679 1255 iu·
703 1214 774 1262 baius
794 1217 862 1274 erat;
882 1213 1082 1276 quandoquidem
1101 1211 1234 1275 occludere

143 1275 232 1337 venis,
248 1277 336 1338 utique
349 1291 399 1325 uun
414 1279 468 1325 siue
486 1276 533 1324 Dei
552 1276 678 1324 voluntale
702 1282 1039 1343 sanctisuonpotuititer,ue
1050 1279 1233 1341 quisasceude·

88 1396 95 1409 N
144 1346 302 1406 generatum.
318 1346 348 1394 lu
363 1345 485 1406 serpentis
500 1345 584 1393 autem
600 1345 677 1403 figura
701 1349 838 1410 reblt'oque
850 1351 919 1398 enlm
925 1348 996 1406 lusda
1004 1347 1184 1396 habitationem
1190 1346 1234 1397 iu·

146 1413 261 1462 diabolus
274 1414 321 1462 est.
331 1415 415 1462 Fuisse
427 1414 496 1464 euim
510 1413 636 1460 diabolum
650 1412 677 1460 iu
701 1418 1052 1478 aoiatustauquampossessor
1065 1415 1168 1475 eripuit.
1176 1414 1233 1463 listo

146 1481 260 1542 paradiso
268 1483 344 1531 etiam
350 1483 464 1531 Ezechiel
470 1481 677 1543 propbetadouet
702 1485 769 1534 euim
778 1486 808 1534 ut
823 1485 918 1546 aliquos
928 1485 1028 1533 desides
1042 1483 1117 1545 atque
1127 1482 1233 1532 vitiosos

144 1551 191 1611 qui
202 1550 264 1598 dicit
276 1562 350 1612 super
362 1551 498 1612 principem
515 1551 624 1610 Tyrialn
634 1564 678 1599 oo-
701 1554 731 1601 ab
742 1553 853 1605 incolatu
862 1567 974 1616 superum
985 1552 1147 1614 possessionis
1161 1563 1234 1601 arer-

144 1619 248 1679 iuptate,
259 1618 471 1682 iamimperator
480 1621 596 1678 iactares·
605 1618 677 1666 Priu-
701 1623 775 1682 terit,
791 1623 855 1671 titud
868 1623 946 1671 madio
959 1617 1088 1682 anmatos
1104 1620 1233 1680 maritoque

145 1686 228 1746 cipem
243 1686 327 1736 autern
337 1688 396 1750 'tyri
411 1689 438 1736 iu
450 1686 528 1748 ligura
542 1687 678 1748 accipimus
701 1691 810 1751 pulcrius
828 1691 895 1750 quod
919 1685 1060 1738 sanctorum
1080 1687 1234 1736 orationibus

110 1813 112 1816 Ι
145 1753 249 1804 diaboli.
261 1756 386 1818 Numquid
395 1757 422 1810 ea
435 1757 495 1806 binc
506 1756 678 1805 accusabimus
702 1759 863 1816 excludetur,
878 1771 934 1806 cum
949 1757 1101 1818 completum
1115 1754 1234 1804 lueritil·

90 1840 96 1854 ·
145 1823 312 1883 penmonis
326 1824 457 1872 thesauros
467 1824 521 1882 eius
538 1824 678 1872 altitudinis
702 1828 767 1878 lud:
785 1829 899 1877 Videbam
910 1829 1023 1876 satanam
1038 1827 1098 1875 siem
1115 1826 1196 1885 {ulnas
1206 1826 1234 1872 de

146 1891 173 1938 ei
183 1891 678 1943 sciemiaeabscouditosiquristoetue
702 1898 890 1945 subcoelestem.
896 1899 957 1956 Ergo
963 1909 1013 1951 uon
1019 1898 1158 1944 metuamus
1164 1906 1232 1950 eum,

146 1959 228 2008 cultos
246 1960 456 2020 comprehendero
472 1973 523 2008 non
535 1973 682 2021 possumus,
702 1965 745 2023 qui
756 1977 864 2024 eousque
875 1965 987 2012 infirmus
995 1966 1046 2020 est,
1056 1965 1119 2010 utet
1129 1963 1183 2022 ipse
1194 1974 1234 2008 ca-

146 2026 683 2089 nisiquostpsereretareuignatusenine.
703 2045 774 2080 sursus
793 2032 827 2081 sit
847 2033 874 2079 in
891 2033 997 2087 terram,
1011 2031 1113 2089 Accepit
1132 2030 1234 2089 quddam

147 2095 243 2146 velarit
253 2100 351 2157 tamen,
366 2097 396 2145 ut
413 2097 519 2146 sciamus
534 2099 611 2144 etiam
626 2097 685 2145 dia-J
703 2101 815 2149 tentandi
827 2100 953 2148 licentiam
962 2114 969 2146 a
978 2099 1022 2146 sed
1032 2097 1236 2156 nouaccepitco·
1274 2116 1277 2127 ·

89 2184 92 2191 ·
147 2163 200 2212 boli
216 2167 336 2215 malitiam
345 2165 377 2214 ad
390 2167 496 2214 salutem
506 2165 622 2226 prodesse
633 2166 682 2216 bo,
703 2169 770 2230 piam
778 2168 922 2229 subruendi,
931 2167 979 2216 nisi
987 2180 1033 2216 sua
1042 2166 1130 2226 sponte
1138 2165 1235 2213 labatur

147 2233 265 2284 minibus.
282 2236 335 2282 Nou
350 2234 416 2294 quod
433 2235 544 2283 diabolus
563 2235 678 2295 prodesse
703 2239 814 2286 infirmus
822 2237 986 2296 allectus,qui
996 2235 1045 2284 sibi
1056 2235 1179 2283 auxilium
1185 2243 1236 2279 uon

147 2301 224 2362 velit,
234 2303 278 2352 sed
287 2303 353 2363 quod
363 2303 482 2350 malitiam
493 2303 548 2362 ejus
555 2304 630 2350 eiiam
638 2307 680 2350 te·
702 2307 768 2355 norit
779 2317 911 2354 arcessere.
922 2306 952 2351 tsi
962 2303 1018 2349 ideo
1027 2314 1075 2362 qua
1085 2300 1171 2348 fraude
1182 2300 1237 2346 ien-

146 2372 280 2434 puguautis
296 2372 418 2419 convertit
432 2373 503 2419 uobis
513 2371 633 2417 Dominus
648 2371 682 2423 ad
703 2377 794 2424 taverit
808 2376 917 2434 primurn
934 2372 1078 2429 bominem,
1096 2369 1189 2431 quidve
1205 2369 1235 2415 iu

146 2440 263 2488 salutem.
284 2440 397 2498 Denique
423 2439 498 2495 hujus
518 2437 613 2483 malitia
633 2437 679 2484 lob
703 2443 805 2491 homino
821 2441 944 2502 putaverit
953 2452 1006 2487 esse
1016 2437 1235 2498 tenendumque

145 2506 284 2556 sauctiriri
293 2507 353 2554 lecit
361 2518 413 2553 esse
422 2505 541 2553 virtutem
550 2507 575 2552 et
583 2505 681 2564 patiens.
704 2512 805 2570 ordino,
817 2522 867 2570 qua
881 2510 934 2557 arte
947 2520 1092 2568 cognoscere
1111 2520 1172 2568 opus
1182 2506 1235 2566 est,

145 2577 209 2625 tiam
219 2576 357 2624 clariorem.
366 2574 547 2630 Hujusmalitia
558 2574 683 2632 iustitiam
704 2580 731 2628 ut
742 2591 829 2628 cavere
846 2579 976 2639 possimus.

145 2646 204 2702 ejus
215 2642 344 2701 exercuit3
355 2642 385 2688 ut
395 2641 502 2689 certaret
517 2643 543 2687 et
555 2641 685 2699 vinceret,
734 2649 773 2695 tt,
783 2648 898 2707 Plerique
908 2648 992 2695 tamen
1002 2645 1046 2706 qui
1056 2644 1144 2699 volunt
1154 2644 1182 2692 iu
1190 2655 1236 2705 pa-

147 2715 175 2761 θῒ
185 2710 316 2761 Vltimam
334 2722 423 2757 ⁰⁰1⁰¹1³
439 2709 593 2770 sequeretur·
604 2711 687 2762 Nemi),
704 2717 784 2765 radico
792 2716 916 2763 diabolum
923 2727 973 2762 uon
981 2712 1165 2770 tuisse,licetin
1173 2710 1237 2758 coelo

146 2781 217 2828 enim
226 2780 276 2828 nisi
294 2780 337 2840 (tui
352 2778 462 2838 legitime
479 2776 627 2834 certaverit,
638 2788 682 2822 ⁰⁰·
705 2783 840 2830 adstantem
851 2795 908 2828 eum
924 2781 1023 2840 Angelis
1037 2779 1187 2839 legerimus,
1203 2790 1236 2824 ne

146 2849 260 2912 tonatur.
289 2848 381 2907 loseph
407 2856 507 2907 quoque
538 2842 682 2891 castimonia
705 2853 787 2898 nostro
806 2861 919 2897 sermone
937 2846 1238 2904 rideanturoliendi,se-

146 2929 283 2977 numquam
298 2915 329 2962 id
339 2913 415 2962 ¹¹⁰⁵ffi
429 2911 574 2959 memtifiam
591 2922 683 2970 iteme-¹
707 2919 815 2968 cundum
825 2930 894 2965 suam
903 2914 1027 2976 accipiant
1037 2913 1239 2964 voluntatemin-

147 2987 243 3044 nisset,
259 2984 308 3032 Πῑθῑ
318 2983 411 3031 mulier
425 2978 683 3036 d⁰miss1⁰i¹1⁵⁰⁰¹¹ill·
703 2986 908 3046 terpretatiouem
925 2985 997 3033 istius
1011 2981 1152 3031 lectionis'.
1164 2982 1238 3028 Nam-

148 3053 257 3100 bemalis
268 3052 353 3112 ignitis
363 3048 455 3096 diaboli
467 3047 570 3108 spiculis
579 3046 684 3102 incitata,
705 3069 753 3116 que
768 3057 826 3103 ante
836 3068 881 3102 nos
891 3055 953 3114 tuit,
970 3054 1014 3114 qui
1029 3065 1075 3112 per
1084 3050 1238 3111 voluptatem

149 3123 268 3173 tentasset
279 3120 333 3178 01¹¹ss
348 3117 478 3174 affectum,
494 3117 541 3164 nisi
556 3115 681 3176 P⁰⁸²10¹1¹⁰
706 3127 732 3172 et
746 3137 845 3173 sensum
856 3122 1084 3184 prevaricationem
1094 3123 1125 3168 ab
1137 3120 1238 3168 bomine

150 3189 289 3239 {decuisset
302 3187 356 3245 ejlls
371 3185 516 3243 interitum,
528 3197 577 3244 quo
593 3181 683 3231 clarior
706 3193 881 3243 memoraverit
894 3205 948 3240 esse
959 3191 1127 3249 commissam,
1138 3189 1165 3244 in
1181 3202 1240 3248 spe.

150 3258 217 3307 0⁸⁸⁰t
231 3253 375 3304 ‘mimmii
384 3253 447 3312 Vilis
458 3252 502 3314 qui
516 3255 622 3299 ”mitem
636 3264 682 3312 l)ro
707 3263 746 3310 cie
756 3262 879 3322 serpentis
886 3261 988 3322 liguram
996 3259 1121 3320 accipiens
1131 3258 1239 3306 delecta·

128 3373 131 3377 .
149 3324 264 3376 castitate
280 3321 450 3371 contemserit.
464 3322 508 3368 Vis
520 3322 587 3382 scire
601 3319 683 3368 consi·
700 3337 701 3340 ¹

706 3340 1239 3358 -.—--.-—-—-—

150 3391 354 3443 numtteitttem
372 3389 684 3438 ediuboloaucioreneces
730 3383 807 3421 mnne
826 3382 890 3420 ruse
911 3381 1071 3420 carnotanam
1090 3376 1240 3426 quorumnam

354 3405 371 3454 p
708 3438 843 3485 opinionem,
852 3434 1006 3483 utpuradlsum
1015 3436 1035 3469 ct
1045 3441 1096 3479 quae
1104 3431 1240 3478 decerpentis

150 3463 268 3514 videntur
282 3460 357 3520 iustis
373 3458 517 3538 h⁰mif¹i‚bu⁸
534 3456 666 3534 pmarffl
675 3488 683 3516 ¹
709 3495 773 3538 atque
782 3491 833 3528 Eva
842 3489 949 3536 colloquio
961 3488 983 3524 iu
991 3485 1068 3522 Geneci
1077 3485 1189 3532 leguntur,
1197 3486 1241 3522 solo

151 3528 267 3580 θῐθῗῧθῐὶ
277 3540 374 3589 ‘lumine
383 3526 516 3587 P²ffl⁰¹ffi³
523 3525 639 3576 ffl¹⁰fflm3
646 3523 686 3570 at·
709 3553 771 3582 seusu
776 3543 888 3590 allegorico
895 3541 1099 3588 interpretarentur,
1106 3536 1241 3586 Augustinus

148 3591 685 3647 tamanominusetiamdbrabamhacarte
710 3601 726 3638 1.
735 3602 756 3645 e,
765 3609 783 3638 e.
793 3602 835 3638 ret
849 3608 891 3646 seq.
902 3597 928 3634 uc
941 3597 996 3634 oen.
1014 3595 1042 3634 ad
1054 3596 1095 3634 tna
1114 3599 1190 3634 auctor
1204 3601 1240 3638 aa.

151 3666 272 3725 tentavit,
281 3666 310 3712 nt
319 3663 441 3711 immolari
454 3661 502 3710 sibi
513 3659 594 3706 lilium
603 3659 633 3705 ab
644 3670 687 3706 eo-
711 3652 843 3744 fflmfflf&
848 3649 1242 3751 ffiufflnffnffffifflvffl

152 3734 211 3783 dem
225 3732 372 3796 postularet.
387 3733 441 3790 Qua
455 3729 593 3779 tentatione
609 3728 688 3775 Abra·
713 3764 756 3797 „m
774 3757 955 3807 mmm„
970 3757 1096 3805 primarum
1111 3759 1240 3806 wem.

152 3805 213 3853 ham
229 3804 310 3852 tidelis
326 3802 365 3850 est
378 3801 484 3849 Domino
501 3797 687 3860 comprobatus,
713 3823 737 3852 aa
752 3810 1041 3861 manutenementum
1058 3813 1135 3848 raam
1147 3808 1205 3846 vetis
1215 3807 1242 3845 1u

152 3872 244 3934 quoda
258 3870 398 3919 devotionis
408 3867 526 3930 obsequio
540 3879 586 3915 nec
601 3866 687 3915 dilecti
712 3866 854 3915 immersum
861 3855 1242 3912 maimunujusespnsivcrnnspcr-

153 3940 200 3990 tilii
217 3940 375 3987 miseratione
386 3937 515 3986 revocatus
526 3936 566 3984 sii.
582 3936 619 3984 lta
629 3948 688 3996 ergo
714 3912 1242 4020 ffiffifflffifflffiffssffiss

153 4008 289 4070 ellinuum
296 4006 689 4072 scientiaeboniotmaliinpara·
705 4025 784 4078 pina,
793 4015 1222 4078 numamnnnffimmnmumaa,
1309 4018 1311 4022 ⁸
