2752 4806
473 406 712 453 nuxaurduhob
730 406 837 451 aluus
855 403 907 450 lll.
1197 403 1227 448 53

149 483 217 543 plius
233 483 338 544 dorum,
356 495 388 531 au
404 484 443 532 uis
460 486 534 533 odora
553 485 674 536 delectet?
698 488 816 546 quenter‚
826 488 852 535 et
862 483 991 544 decipiunt
1000 482 1167 545 colligentem.
1178 485 1227 532 Sed
1255 501 1256 504 ¹

149 552 286 600 l‘ascuutm
296 553 358 601 oculi
366 553 432 613 grato
440 557 594 614 spectaculo,
603 557 674 614 longe
698 556 744 602 hoc
756 555 791 602 ita
801 555 853 613 est,
868 553 931 600 acsi
944 552 1110 611 reprehendas
1120 555 1225 608 terram,

149 619 249 680 lateque
264 623 544 682 odorspargitur,cu1us
554 624 674 672 suavitate
698 624 824 683 quianon
846 634 931 669 omues
952 621 1066 668 homines
1085 621 1155 669 boni.
1178 621 1226 668 Sed

148 691 308 750 complemur.
320 692 390 739 Unde
402 691 487 739 divine
496 694 674 741 Dominusait:
697 693 762 752 quod
777 693 834 751 plus
845 691 883 738 est
901 690 1002 750 accipe,
1013 689 1130 750 quianon
1143 702 1227 737 omues

148 758 181 804 Bt
189 761 273 818 species
284 763 336 820 agri
345 774 435 807 mecum
446 764 494 820 est‚·
507 774 563 809 cum
574 763 627 821 ipso
638 764 675 809 est
697 761 756 808 boui
766 761 853 820 dugeli
863 761 890 806 in
898 760 971 807 coelo.
980 760 1021 806 Sol
1029 759 1082 818 ipse
1089 770 1141 818 prae
1151 757 1227 804 nimio

148 826 216 873 enim
230 841 304 887 quam
322 830 375 889 ipse
391 829 515 878 formarit.
534 832 594 889 Quis
609 833 675 879 eninr
698 831 777 878 calore
787 832 867 890 spicas
883 829 972 888 torret,
986 828 1069 874 adurit
1084 827 1228 885 autem-gig·

147 893 211 941 alius
225 896 317 944 artifex
333 897 412 956 possit
426 898 520 945 tantam
530 911 614 945 rerum
625 899 675 945 sin·
698 900 811 946 nentium
820 899 900 958 prima
916 896 1028 944 exordia.
1044 897 1114 942 Luna
1131 905 1227 953 quoque

147 961 259 1019 gularum
276 968 418 1024 exprimere
432 965 602 1015 venustatem?
615 969 676 1015 dou·
699 967 824 1014 viantibus
845 966 895 1013 iter
916 965 1084 1021 demonstrat,
1105 963 1229 1009 latronum

147 1027 245 1080 siderate
256 1031 306 1078 lilia
317 1033 370 1091 agri
375 1065 384 1089 ‚
394 1035 500 1092 quantus
510 1035 542 1082 sit
553 1034 642 1081 candor
650 1034 675 1081 in
699 1035 781 1093 prodit
791 1032 902 1081 insidias.
913 1033 977 1079 Num
993 1033 1070 1090 igitur
1080 1031 1181 1088 dignum
1192 1029 1230 1077 est

147 1092 227 1156 foliis,
238 1101 443 1157 quemadmodum
455 1101 544 1160 stipata
555 1102 609 1160 ipsa
619 1102 677 1148 lolia
700 1103 728 1150 ut
739 1103 764 1148 in
776 1102 815 1149 his
826 1115 880 1160 quae
890 1101 962 1148 utilia
973 1102 1044 1159 sunt,
1053 1098 1230 1160 posthabentes

146 1161 178 1207 ab
192 1163 244 1211 imo
259 1167 290 1213 ad
307 1180 430 1214 summum
448 1168 580 1215 videantur
597 1181 678 1216 assur-
701 1171 833 1218 conditoris
853 1171 957 1228 gratiam
979 1169 1108 1228 confiteri,
1128 1168 1230 1227 propter

145 1235 258 1292 gere,ut
269 1235 355 1294 sqvphi
371 1235 512 1293 exprimant
522 1235 678 1295 formam,ut
701 1239 783 1298 aliqua
812 1239 984 1285 alimentorum
1009 1238 1084 1284 noxia
1111 1237 1229 1284 creatoris

145 1301 203 1346 auri
218 1303 331 1360 quaedam
349 1303 444 1361 species
462 1303 529 1350 intus
547 1304 676 1365 effulgeat,
700 1306 881 1365 prospicientiae
902 1308 1060 1365 derogemus,
1079 1307 1149 1367 quasi
1167 1317 1228 1354 uero

146 1380 204 1426 quae
214 1369 299 1416 tamen
313 1371 378 1417 vallo
396 1371 423 1417 in
440 1372 545 1418 circuitu
556 1372 623 1420 floris
634 1375 677 1420 ob·
700 1375 782 1421 omnia
792 1376 853 1434 gulae
865 1386 937 1421 causa
949 1375 1082 1422 debuerint
1092 1373 1227 1434 procreari,

147 1436 219 1496 septa
228 1439 292 1486 uulli
301 1439 384 1498 pateat
395 1438 501 1498 injuriae.
513 1441 538 1486 Si
548 1442 602 1501 quis
610 1441 675 1489 hunc
700 1443 742 1488 aut
757 1443 848 1501 exigua
864 1443 915 1489 sint
929 1455 984 1502 quae
996 1443 1079 1490 uentri
1093 1443 1175 1490 nostro
1188 1442 1244 1488 di-·

146 1504 458 1568 iloremdecerpat,etsua
471 1509 549 1557 solvat
566 1510 592 1557 in
607 1510 674 1570 tolia,
699 1510 757 1556 vina
777 1511 929 1571 induigentia
950 1512 1136 1559 ministraverit.
1161 1512 1240 1559 Delia

145 1588 202 1633 quae
213 1578 276 1624 tanti
287 1577 325 1624 est
332 1577 526 1629 artificismanus
537 1592 591 1638 quae
599 1581 675 1639 possit
698 1579 756 1626 nita
767 1581 837 1628 nobis
845 1594 907 1629 escae
915 1581 984 1640 suut,
995 1582 1093 1628 elautae
1103 1580 1227 1638 omuibus,

145 1642 194 1690 lilii
216 1645 324 1704 speciem
341 1646 494 1693 reformaret
513 1648 572 1704 Quis
593 1649 674 1697 tantus
698 1662 752 1707 quae
767 1651 794 1708 et
807 1650 961 1708 voluptatem
978 1650 1112 1708 generent,
1127 1651 1153 1696 et
1172 1661 1228 1696 cor-

146 1711 256 1759 imitator
263 1714 371 1772 naturae,
382 1715 411 1760 ut
419 1714 505 1761 ilorem
516 1716 581 1763 hunc
592 1718 675 1764 redin-
698 1718 765 1776 poris
775 1718 954 1765 salubritatem.

146 1781 242 1840 tegrare
252 1783 394 1842 praesumat,
403 1784 442 1830 cui
451 1783 571 1831 Dominus
578 1787 675 1833 tantum
728 1786 768 1833 59.
780 1787 879 1846 Singula
889 1787 974 1835 autom
985 1800 1069 1834 eorum
1080 1800 1135 1848 quae
1151 1799 1227 1846 geue·

145 1849 316 1898 testimonium
328 1851 398 1912 tulit,
409 1853 438 1899 ut
449 1853 544 1900 diceret
555 1867 562 1899 ε
574 1856 675 1902 NecSo-
698 1855 784 1901 rantur
802 1867 816 1901 e
835 1855 923 1913 torris,
941 1855 1074 1915 specialem
1095 1854 1226 1914 quamdam

146 1918 223 1966 lomou
234 1923 258 1966 in
268 1923 333 1968 omni
342 1924 417 1981 glorio
426 1936 470 1970 suo
478 1924 510 1969 ric
520 1923 673 1980 vestiebatur,
698 1921 819 1969 rationem
837 1924 944 1983 habent,
956 1937 1010 1984 quae
1026 1937 1071 1982 pro
1085 1924 1153 1971 virili
1169 1937 1226 1983 por·

145 1987 204 2034 sicut
212 2001 283 2036 uuum
293 2004 324 2036 ex
332 1989 396 2038 istic?
407 1991 462 2036 Rex
473 1991 674 2049 opulentissimus
699 1991 766 2037 tione
778 1994 902 2052 complent
912 1993 1033 2041 universae
1044 1992 1225 2051 plenitudinem

109 2059 113 2067 '
146 2054 173 2101 et
193 2057 389 2116 sapientissimus
409 2059 512 2105 interior
531 2059 673 2122 judicatur,
699 2059 825 2107 creaturae.
842 2062 896 2107 Alia
907 2075 964 2120 ergo
975 2061 1042 2119 esui,
1054 2061 1102 2107 alia
1117 2061 1227 2125 aliinaq-

146 2135 219 2182 quam
230 2125 304 2185 hujus
315 2126 383 2173 floris
393 2127 542 2185 pulcritudo.
699 2130 787 2176 cuubur
804 2131 871 2178 usui.
885 2131 953 2177 Nihil
971 2131 1055 2188 vacat,
1072 2129 1136 2176 nihil
1152 2130 1226 2176 inane

175 2193 215 2238 57.
224 2194 288 2251 Quid
298 2204 441 2243 enumerem
448 2209 532 2244 succos
540 2197 673 2245 herbarum
697 2199 818 2258 germinat
828 2201 902 2248 terra.
913 2200 982 2258 Quod
992 2200 1038 2247 tibi
1047 2200 1119 2258 putas
1126 2199 1225 2255 inutile,

146 2262 271 2310 salubres?
280 2264 341 2324 quid
350 2265 514 2323 virgultorum
522 2279 550 2313 ac
558 2266 672 2314 loliorum
698 2267 753 2313 aliis
758 2268 821 2314 utile
831 2269 880 2328 est3
890 2271 966 2315 immo
975 2268 1023 2326 ipsi
1032 2267 1227 2324 tibilrequenter

144 2332 270 2379 remedia?
279 2334 369 2381 Cervus
379 2346 444 2392 aeger
451 2337 602 2383 ramusculos
613 2337 673 2383 oleae
698 2335 745 2382 alio
757 2336 795 2383 est
805 2334 852 2383 usu
862 2337 934 2382 utile.
952 2336 1022 2393 Quod
1033 2347 1113 2380 escam
1124 2345 1174 2379 non
1183 2334 1228 2380 ad-

145 2401 255 2460 mandit,
267 2404 293 2448 et
307 2414 381 2450 sanus
395 2403 430 2449 iit.
447 2400 562 2450 Locustas
576 2416 673 2463 quoque
697 2401 781 2459 iuvat,
804 2402 954 2448 medicinam
975 2401 1103 2460 suggerit:
1116 2401 1141 2447 et
1161 2413 1225 2459 saepo

144 2468 672 2530 ioliaoleaearrosaliberantabaegritudine.
699 2468 785 2514 eadem
805 2481 860 2528 quas
881 2469 928 2515 tibi
951 2469 1028 2517 noxia
1049 2470 1119 2527 sunt,
1138 2469 1226 2516 avibus

145 2538 212 2585 Rubi
228 2539 287 2585 folia
303 2538 440 2597 superjacta
450 2538 575 2596 serpenti,
586 2539 675 2586 interi·
699 2538 740 2585 aut
748 2537 806 2584 ieris
815 2537 945 2586 innoxium
951 2537 1091 2584 ministrant
1098 2537 1224 2596 pabulum.

143 2607 219 2653 munt
229 2619 295 2652 eum.
314 2605 409 2652 culices
423 2617 474 2654 uon
485 2605 586 2665 tangent
601 2608 642 2666 te,
653 2608 673 2655 si
699 2605 809 2665 Denique
820 2605 899 2654 sturni
909 2607 1043 2653 vescuntur
1051 2607 1167 2663 conium,
1178 2618 1225 2652 nec

142 2674 268 2739 absinthii
279 2674 383 2721 herbam
398 2686 454 2720 cum
469 2674 523 2722 eleo
534 2688 636 2736 coquas,
648 2678 674 2725 et
698 2672 778 2721 fraudi
788 2676 827 2720 est
836 2675 887 2734 eis,
898 2672 1013 2734 quoniam
1025 2686 1071 2734 per
1080 2673 1225 2732 qualitatem

142 2755 175 2790 eo
187 2743 213 2790 te
224 2742 379 2803 perunxeris.
698 2741 735 2788 sui
759 2744 868 2800 corporis
890 2754 1016 2788 venenum
1038 2742 1105 2786 succi
1126 2741 1225 2787 lethalis

376 2845 431 2854 ....
699 2810 815 2856 evadunt.
828 2809 926 2868 Frigida
937 2810 1004 2854 enim
1014 2809 1052 2855 ris
1063 2809 1116 2866 ejus
1126 2809 1163 2854 est
1173 2821 1223 2855 suc-

309 2899 438 2954 GAPUT
457 2903 500 2956 lx
699 2877 735 2936 ci,
749 2890 824 2936 quam
841 2877 972 2923 subtilibus
988 2875 1087 2933 porisin
1099 2875 1177 2922 cordis
1187 2877 1226 2923 sui

503 2939 510 2954 '
698 2946 782 2993 sedem
800 2945 962 3003 ducentibus,
974 2945 1078 3004 praecoci
1090 2944 1225 3002 digestione

144 3013 672 3065 homacumuaihhusnonsinerauonegenerarr;
698 3015 879 3074 praeveniunt,
900 3015 1043 3074 priusquam
1065 3013 1150 3060 vitalia
1172 3014 1224 3074 ipsa

167 3077 221 3105 ‘¹¹³¹
230 3068 288 3115 ‘¹⁰⁰⁶
297 3070 336 3131 aar
346 3071 518 3134 noxium,¹a1reri
527 3073 552 3108 ⁵¹¹
561 3071 614 3108 ΜΕ
623 3084 627 3115 ³
639 3075 672 3133 ³}-
698 3083 830 3142 pertentet.
840 3083 999 3130 llelleborum
1009 3082 1092 3128 autem
1102 3080 1177 3140 periti
1189 3082 1225 3127 lo-

167 3122 246 3168 quoad
261 3131 323 3158 noma
337 3123 435 3160 evitanda
449 3127 575 3161 instinctum
590 3125 672 3169 brulis,

165 3173 292 3221 bominibus
300 3177 403 3214 rationem
412 3177 469 3214 Deus
479 3176 587 3215 indiderit.
601 3178 671 3225 Quam
697 3154 806 3211 quunilll'
824 3164 905 3200 escam
924 3164 976 3199 0⁵⁸0
993 3151 1169 3229 etalimf’fliaffl
1186 3162 1225 3195 ⁰⁰·

164 3227 240 3266 decens
255 3229 307 3268 ordo
321 3230 345 3266 in
360 3233 426 3267 terrae
442 3229 607 3269 fructificatione
625 3240 672 3268 ser·
697 3221 842 3278 turbidum,
862 3233 891 3268 eo
909 3221 973 3280 quod
992 3219 1098 3266 naturali
1120 3219 1225 3278 quodam

168 3283 234 3320 ΝΜ·
698 3290 891 3349 temperamento
903 3289 940 3335 sui
953 3289 1060 3348 corporis
1071 3288 1122 3334 vim
1140 3287 1224 3346 pabuli

174 3380 215 3428 58
237 3379 286 3428 SED
306 3379 368 3428 forte
389 3380 472 3429 dicant
492 3381 569 3441 aliqui
585 3395 591 3427 :
608 3382 674 3439 Quid
698 3358 808 3405 nocentis
817 3358 919 3405 evitent.
929 3357 1025 3404 Etenim
1037 3355 1057 3403 si
1069 3356 1163 3401 ratione
1172 3365 1226 3398 me-

144 3448 274 3510 quodcum
279 3448 383 3499 utilibus
391 3450 466 3496 etiam
474 3449 577 3496 lethalia
584 3449 610 3494 et
619 3461 673 3507 per,
697 3426 785 3472 dicium
795 3426 940 3485 plerumque
951 3424 982 3470 ad
992 3423 1162 3470 salubritatem
1179 3422 1226 3467 bu-

144 3517 240 3566 nchosa
259 3516 429 3576 generantur?
449 3517 509 3563 Cum
529 3517 613 3562 tritico
635 3528 674 3561 00,
698 3495 764 3541 mani
775 3506 871 3552 quoque
885 3495 992 3552 corporis
1002 3490 1154 3550 temperatur
1165 3523 1172 3549 ,
1184 3491 1225 3537 cui

144 3584 300 3645 „immod
310 3586 373 3634 mter
382 3585 562 3632 alimentavitae
571 3583 673 3630 noxium
698 3561 796 3607 videtur
808 3573 861 3606 esse
871 3561 1021 3613 contrarium
1031 3572 1038 3636 r
1047 3560 1137 3618 quanto
1148 3560 1226 3620 magis

143 3653 285 3715 reperitur,
307 3655 333 3701 et
352 3654 400 3701 nisi
420 3653 554 3712 praevisum
575 3651 673 3709 fuerit,
698 3628 848 3688 proprietate
859 3630 952 3675 naturae
969 3628 999 3674 ad
1016 3628 1098 3674 crhunr
1113 3628 1224 3688 proficit,

144 3723 272 3771 cousuevit
281 3723 353 3770 saluti
364 3735 463 3769 nocere.
475 3722 543 3768 Inter
553 3721 602 3768 alia
612 3726 676 3781 quoi
698 3697 762 3756 ‘1⁰⁰⁶
781 3697 877 3744 mediffl
892 3711 968 3746 manu
978 3697 1128 3745 ⁰⁰¹¹V⁹ffit¹¹f
1143 3698 1174 3744 ”d
1188 3711 1226 3744 ⁵³·

143 3804 193 3850 que
199 3793 349 3840 nutrimenta
355 3792 413 3839 vitae
421 3792 577 3838 helleborum
586 3790 674 3850 depre-
699 3764 789 3813 lum?
800 3767 845 3812 ¹³⁶³
855 3767 1038 3825 ¹¹¹³¹¹ds³g⁰f³¹¹¹
1053 3779 1149 3826 ‘Imque
1160 3779 1225 3813 ⁸⁰¹³·

144 3860 271 3908 hemitur·
287 3861 389 3908 880555
406 3872 503 3920 quoque
521 3860 610 3907 fallunt
624 3858 673 3906 fre,
697 3847 744 3882 nus
757 3834 900 3915 frequenter
909 3836 1057 3915 accersitur,
1071 3837 1116 3882 ubi
1127 3835 1225 3894 uigilia-

698 3916 752 3949 rum
764 3917 822 3964 aegrr
832 3903 981 3952 afflictantur
991 3903 1152 3952 incommodo.
1164 3904 1224 3948 Nam

167 3998 176 4014 ‘
184 3995 346 4052 IlaBasilsprre
354 4010 391 4040 του
401 4005 580 4040 rumorosorum
593 4025 600 4050 ,
620 4013 671 4041 cunr
697 3970 798 4052 qnidfl?
810 3974 865 4034 ⁰Pi⁰
881 3973 1056 4051 ¹⁰qu³s5,qu⁰d
1067 3972 1141 4048 {tiam
1152 3967 1224 4041 ¹¹9¹)ss

144 4054 342 4094 frumentorieurr.
603 4100 606 4104 ,
697 4039 1223 4141 quotidianopropeusuinnotuit,q1;0n¹u¹n

281 4117 300 4160 l.
1140 4160 1144 4165 ,
1184 4132 1185 4136 =
