2752 4806
485 372 526 422 ou
542 370 714 423 stannum
735 377 838 422 uranu
851 378 899 444 n..
1185 371 1241 422 mr„

141 456 207 507 “sena
215 455 298 507 detleit
308 450 396 518 unius,
407 456 514 507 conditio
527 458 569 508 vel
583 470 675 507 nomeu
698 447 747 518 que
757 457 891 518 prudentia
902 467 948 506 ena
956 456 987 505 ad
995 457 1060 506 hauc
1067 441 1232 520 principalem

147 525 675 587 hominumnondetieit.llxdiuturnoigitur
699 526 1231 591 etdiifusamperomnessalutemdeduxe·
1273 526 1277 578 t

147 594 175 641 et
186 593 290 640 innoxio
305 592 333 641 in
341 593 369 640 id
380 594 446 655 qood
453 595 589 654 temporale
598 594 636 642 ost
649 592 675 640 et
699 595 745 654 rit,
756 596 784 655 in
797 608 847 657 qua
861 595 916 644 toas
931 595 1061 656 sapientiae
1074 596 1232 659 iustitiaeque

146 661 250 709 noxium
258 662 372 723 peccator
381 662 676 722 deducitur,quimontie
699 665 752 723 est,
762 664 901 724 requiritur
918 663 1060 723 reiteratio,
1071 662 1098 710 et
1112 664 1156 711 lile
1169 666 1229 725 'pera
1326 663 1332 668 “

146 740 197 778 auae
215 729 356 785 adscribere
375 730 593 790 debetinlanliae,
610 731 675 792 quod
699 731 771 780 teclae
781 730 1233 793 partusiucunditatis,euiusnomen

91 805 97 815 ·
146 796 325 847 ineantustuit
339 800 370 856 et,
381 794 567 860 intemperans,
584 801 626 857 rol
636 813 675 848 re·
700 800 738 847 est
747 802 825 849 Isaac.
836 801 908 849 llulla
920 800 988 847 euim
998 800 1088 859 melior
1098 799 1137 847 est
1146 799 1233 859 volup·

146 865 287 915 missionem
297 869 453 926 peccatorum
463 879 515 915 non
526 866 673 928 acquisivita
699 866 749 926 tas,
760 880 835 926 quam
851 868 988 916 emendatae
1004 867 1086 935 gratia
1104 869 1233 916 conscien-

146 936 271 1000 ltieieaim
282 938 336 996 ouis
343 940 441 986 remotus
452 938 523 997 namot
537 951 569 984 eac
579 952 643 998 open
653 940 676 985 et
699 935 749 983 tiae.
761 937 826 983 Hinc
836 935 954 995 Epicurei
968 936 1099 999 traxerunt
1108 948 1234 984 summum

145 1005 234 1064 Spiritu
242 1008 472 1066 sancto‚aonpoleet
481 1007 579 1052 introire
589 1007 615 1052 in
625 1019 676 1065 mp-
699 1002 790 1051 bonum
803 1004 959 1064 voluptatem
975 1016 1043 1064 esse,
1055 1004 1100 1053 sed
1112 1016 1168 1051 eam
1179 1016 1234 1052 cor-

146 1083 204 1119 num
216 1076 269 1121 Dei.
286 1072 376 1133 Utique
389 1075 487 1120 nullum
503 1073 612 1131 excipit,
625 1084 675 1119 non
700 1072 766 1131 poris
783 1073 862 1131 magis
880 1072 1082 1132 inquinamento,
1102 1083 1177 1132 mam
1192 1082 1234 1120 so·

146 1139 676 1201 intantem‚nonaliquapraerentumneeee·
699 1139 1110 1189 brietatementisaostimarerunt.
1135 1198 1137 1202 Α

146 1207 227 1256 sitate.
244 1208 358 1256 Habeant
375 1205 460 1256 tamen
478 1208 550 1264 illam,
566 1207 676 1267 opertam
730 1207 769 1255 86.
780 1208 845 1266 Quid
855 1209 893 1256 est
903 1209 987 1256 autern
997 1208 1062 1269 quod
1070 1208 1107 1256 ait
1118 1210 1167 1256 :ill
1177 1211 1234 1256 oeci·

145 1289 274 1337 poenarum
287 1274 576 1336 immunitatem,nescio
588 1287 621 1324 au
633 1275 677 1324 ba-
699 1277 733 1324 dit
747 1278 773 1323 in
783 1279 868 1336 faeiem
883 1277 1022 1334 Abrabam,
1032 1279 1056 1325 et
1066 1277 1139 1339 risit?
1150 1278 1181 1324 nt
1191 1276 1233 1324 bie

144 1342 450 1402 beantregmnoneremt
698 1347 839 1394 reverentia
864 1346 1033 1406 sinitram,
1057 1346 1123 1408 quod
1148 1345 1233 1393 timuit

173 1412 222 1460 85.
229 1411 294 1458 Sarae
304 1424 402 1472 quoque
413 1423 462 1459 una
473 1411 571 1461 additur
581 1411 673 1469 littere,
699 1413 778 1460 Deum
789 1414 860 1462 velut
874 1414 1018 1473 liberoyrisu
1028 1414 1133 1478 laedere,
1144 1425 1232 1475 quam·

145 1480 194 1528 boc
205 1479 256 1539 est,
272 1481 307 1539 ll,
318 1480 348 1527 ut
364 1482 494 1528 vocaretur
510 1481 589 1534 Sarra.
604 1481 675 1538 Quod
698 1482 737 1530 ris
747 1482 813 1530 risus
826 1483 940 1530 laetitiam
955 1482 1094 1543 declararet
1105 1483 1154 1530 riri
1169 1481 1232 1541 iusti

145 1549 233 1608 utique
244 1561 287 1608 par
298 1549 349 1607 est,
359 1548 422 1596 utin
432 1549 614 1610 superioribus,
625 1561 674 1596 non
697 1552 740 1610 qui
757 1552 831 1600 tantis
846 1551 1021 1611 gratulabatur
1032 1551 1167 1612 promissis.
1178 1552 1233 1599 Non

144 1616 221 1664 unius
238 1615 376 1674 adiectione
393 1619 491 1676 pensari
505 1616 605 1666 litterae.
621 1617 673 1677 Non
698 1620 765 1666 enim
773 1619 908 1678 dubitantis
916 1620 958 1667 bie
966 1619 1098 1679 risus,sed
1107 1618 1233 1667 credentis

144 1684 213 1732 enim
229 1697 319 1731 munus
334 1684 387 1732 lleo
403 1685 441 1733 est
456 1697 503 1733 una
520 1685 618 1744 littera,
629 1684 673 1732 eod
697 1688 754 1736 fuit.
763 1688 841 1742 Simul
849 1689 908 1749 quia
918 1688 1010 1736 eadunt
1017 1689 1078 1737 ante
1089 1688 1170 1736 Deum
1178 1696 1232 1737 om-

146 1752 234 1804 virtus¹
242 1752 341 1813 litterae·
350 1766 406 1813 quae
426 1752 547 1812 exprimit
563 1753 674 1801 muneris
697 1758 752 1817 nia,
761 1759 787 1806 et
796 1758 925 1806 mutantur
936 1758 962 1805 ot
973 1757 1115 1816 transeunt,
1126 1757 1177 1805 sola
1187 1757 1232 1805 illa
1244 1806 1248 1811 ,

145 1821 224 1870 divini
232 1821 345 1880 gratiam.
354 1822 426 1869 Sarra
434 1823 501 1870 enlm
511 1818 672 1881 diciturc’mxd
698 1827 859 1875 immutabilis
867 1827 916 1875 stat
923 1839 1022 1888 semper
1029 1826 1174 1874 substantia.
1181 1826 1232 1875 Aut

145 1887 198 1951 ἐμὴ,
210 1890 256 1937 hoe
266 1890 316 1949 est,
331 1891 439 1950 potestas
449 1901 518 1949 rnea,
529 1891 571 1939 rel
581 1890 674 1951 princi·
697 1894 798 1943 tortasse
810 1896 836 1943 et
845 1896 872 1942 in
887 1896 933 1943 boc
944 1896 1062 1956 mysterio
1072 1895 1231 1956 prophetavit

145 1957 519 2021 patusmeiinitiumflelregis.
529 1958 675 2017 Saragrame
698 1964 820 2010 Abrabam
834 1964 968 2009 Dominum
984 1965 1084 2021 losum,-
1102 1964 1168 2022 quod
1183 1976 1231 2024 per

147 2027 239 2075 dicitrrr
258 2023 360 2088 ἄρχουσα
368 2024 406 2084 ”,
423 2025 501 2074 latine
522 2037 576 2085 quae
595 2026 673 2085 regat.
699 2030 882 2089 susceptionem
899 2030 1017 2076 dominici
1029 2031 1137 2088 corporis
1148 2029 1174 2076 et
1187 2043 1231 2078 re·

145 2096 191 2145 llia
200 2096 325 2154 mortalis,
336 2095 384 2143 ista
394 2094 540 2142 immortalis
548 2106 555 2140 ε
564 2093 608 2140 illa
619 2106 675 2154 spe·
698 2098 876 2145 surrectionem
895 2096 959 2156 tanti
979 2095 1125 2156 complenda
1136 2097 1231 2144 oraculi

146 2165 229 2225 etalio,
238 2165 286 2213 ista
295 2164 425 2224 generalis.
434 2163 476 2210 Est
484 2174 591 2223 namque
601 2162 627 2210 iu
635 2175 675 2211 me
698 2165 776 2224 gratia
786 2164 858 2214 foret.
869 2162 961 2212 adorat
971 2164 1048 2225 igitur
1058 2176 1108 2211 non
1119 2164 1231 2212 elemen-

146 2233 291 2294 prudeutia,
309 2232 338 2280 in
354 2245 395 2280 me
413 2231 570 2291 castimonia,
589 2230 617 2278 in
634 2244 674 2279 rue
698 2230 751 2283 tum
762 2234 833 2282 terra?
843 2234 874 2281 de
890 2246 939 2294 quo
950 2233 1045 2282 dictum
1056 2233 1094 2280 est
1105 2246 1112 2278 ε
1123 2234 1156 2280 m
1172 2234 1230 2281 odo·
1254 2258 1256 2262 .

145 2301 569 2363 rirtns,inmeiustitia;mesoium
576 2300 674 2360 regunt,
697 2306 750 2351 rote
764 2303 888 2351 scabeilum
911 2304 974 2362 ejne,
990 2303 1104 2362 qnoniam
1121 2303 1230 2350 soractem

147 2373 172 2418 et
181 2371 245 2419 mllrl
258 2371 429 2429 denonantur,
441 2370 467 2417 et
480 2369 540 2416 sunt
549 2371 673 2417 mortales.
697 2374 740 2418 est.
748 2371 796 2418 Ubi
807 2371 873 2417 enim
885 2382 986 2429 eorpus,
994 2369 1030 2416 ibi
1040 2371 1065 2416 et
1075 2369 1165 2430 aquilae
1175 2380 1231 2430 quas

145 2439 264 2487 illoriente
281 2440 349 2486 eninr
365 2450 419 2496 me,
435 2436 566 2485 solvuntur
580 2436 608 2484 et
621 2448 676 2482 mo-
698 2439 863 2488 adoraverunt
871 2439 1014 2486 versantem
1021 2439 1048 2485 in
1056 2449 1166 2497 corpore.

92 2500 98 2506 ’
145 2507 244 2555 riuntur
255 2506 331 2554 etiam
342 2506 393 2552 illa.
405 2505 465 2562 Quae
475 2503 559 2550 auteur
568 2503 676 2563 prudeu·
728 2508 767 2555 87.
779 2511 811 2556 ut
820 2510 895 2566 elisit,
906 2507 1001 2568 iuquit,
1011 2509 1038 2554 in
1052 2508 1168 2555 cordetuo
1180 2520 1189 2554 .·
1203 2508 1230 2556 St

143 2575 181 2624 tia
188 2575 337 2636 generaliter
345 2572 512 2632 dicitur,quae
521 2573 673 2634 castimonia,
699 2579 790 2623 centnm
808 2589 926 2624 annorum
946 2577 1056 2623 nascetur
1075 2575 1151 2634 filiae,
1169 2577 1192 2622 et
1208 2577 1232 2625 si

143 2641 335 2705 quaelortitudo,
342 2642 485 2700 cateraeque
493 2640 598 2688 virtutes
605 2643 675 2702 prin·
698 2645 775 2692 Sarra
783 2646 913 2707 monoptota
927 2657 1044 2692 annornm
1059 2643 1154 2704 portel?
1164 2643 1231 2690 Grae·

144 2712 253 2771 clpales,
263 2709 464 2774 sedgoneraliter
474 2709 636 2773 principales,
650 2712 675 2759 el
699 2724 741 2759 cus
749 2706 769 2755 ia
777 2710 1022 2776 eldsmereposuitfflt
1030 2713 1151 2771 possimus
1162 2710 1229 2758 aesti·

144 2781 238 2838 reginae
249 2777 360 2838 quaedam
371 2777 534 2837 immortales,
546 2778 573 2825 in
583 2778 623 2826 his
632 2793 675 2839 po·
698 2790 766 2825 mare
784 2779 843 2838 quia
860 2779 927 2824 cordi
946 2790 989 2825 suo
1007 2779 1076 2837 quasi
1095 2776 1229 2824 alternanti

144 2848 221 2896 testas
232 2849 282 2905 est,
293 2844 432 2893 immortale
443 2844 506 2891 illud
520 2845 674 2907 principale,
700 2857 784 2893 secum
798 2844 891 2891 dixerit
904 2858 910 2890 :
923 2845 948 2890 Si
961 2845 1104 2892 centenario
1114 2844 1230 2892 nascetur

89 2932 92 2936 ’
144 2916 209 2966 sicut
227 2914 264 2962 est
280 2913 365 2974 regina
376 2914 485 2961 Ecclesia
500 2927 554 2975 quae
566 2927 616 2962 non
634 2928 675 2963 me
698 2915 777 2974 iilius,
791 2914 816 2962 et
831 2912 995 2972 nonagenaria
1013 2912 1111 2973 pariet?
1123 2915 1174 2961 Hoc
1190 2916 1229 2962 ost

145 2997 236 3043 unum,
247 2984 292 3032 sed
308 2984 435 3032 universos
446 2985 522 3042 regat.
533 2986 604 3044 'Ergo
620 2997 674 3045 spe-
698 2983 756 3032 aetas
766 2982 901 3044 generandi
912 2981 1047 3041 praeteriit,
1057 2982 1101 3030 sed
1112 2984 1164 3030 Deo
1175 2995 1228 3030 om-

146 3052 243 3101 ciernin
250 3063 336 3110 genus,
343 3050 673 3110 parteminuniversitatem,
697 3053 740 3098 nia
749 3052 807 3101 sunt
815 3051 954 3111 possibilia;
964 3051 990 3098 et
999 3050 1057 3098 ideo
1067 3050 1140 3098 facile
1152 3051 1228 3100 eliam

146 3115 673 3180 corruptibilitatemetineorruptibilltatem
697 3121 777 3181 istud,
794 3122 824 3168 ut
846 3120 947 3168 senibus
965 3121 1066 3168 revocet
1085 3119 1229 3178 iuventutis

146 3201 288 3238 conversam
295 3189 490 3246 videmusrquae
498 3189 580 3236 omnia
590 3190 673 3237 Ecole·
697 3201 786 3248 annos,
804 3189 872 3237 eires
890 3183 1018 3248 retundat,
1035 3186 1163 3237 sterilibus
1184 3188 1228 3237 det

146 3260 188 3308 siaa
210 3258 345 3306 convenire
360 3258 456 3304 eertum
474 3259 519 3306 est.
535 3258 588 3304 Non
605 3259 672 3305 enim
696 3256 891 3305 foecunditatem.

147 3325 260 3386 specialis
274 3325 341 3383 baec,
351 3324 395 3372 sed
411 3325 532 3383 generalis
548 3324 611 3371 ratio
622 3328 672 3385 est,
727 3326 766 3373 88.
783 3327 832 3372 Nee
854 3325 918 3371 illud
933 3325 1145 3384 praetereundum,
1163 3323 1227 3382 quod

95 3436 104 3442 .
145 3407 192 3443 nee
198 3394 284 3456 partis,
292 3393 336 3443 sed
343 3393 512 3440 universitatis
521 3393 594 3440 salus.
604 3392 674 3440 ldeo-
697 3391 815 3451 promissa
829 3393 876 3439 sibi
891 3392 1050 3450 generatione
1065 3391 1176 3450 legitima
1185 3402 1228 3438 re·

144 3475 194 3524 qua
201 3463 240 3511 his
247 3461 674 3523 praecedentibuscumunumquem·
698 3461 796 3519 spondit
806 3461 927 3506 Abrabam
937 3461 989 3506 Deo
1000 3472 1007 3504 ε
1018 3460 1103 3506 leniaci
1111 3460 1173 3507 vioot
1190 3459 1226 3507 bia

167 3529 675 3594 mmm
698 3531 723 3576 ia
742 3531 861 3589 conspecta
877 3531 925 3575 loo.
944 3526 1008 3573 lusti
1028 3527 1066 3574 est
1089 3526 1162 3572 etiam
1182 3539 1228 3587 pro

145 3611 198 3640 mmo
211 3601 337 3638 mamere
349 3598 537 3646 reparamentum,
551 3598 591 3632 πίει·
602 3607 675 3643 pem
698 3596 869 3657 peccatoribus
886 3593 1053 3654 intervenire3
1074 3593 1100 3642 et
1114 3595 1170 3642 ideo
1187 3598 1227 3646 vel

145 3658 259 3693 mmmmm
265 3653 394 3714 “dmm
404 3660 446 3688 '¹⁰¹¹
459 3649 541 3697 ΨΜ
551 3648 675 3711 ww·
698 3667 745 3713 boc
764 3663 865 3712 credaut
879 3662 973 3722 ludaei,
991 3663 1048 3723 quia
1064 3661 1089 3709 et
1105 3675 1150 3724 pro
1167 3666 1228 3727 ipsis

144 3710 208 3747 catur
224 3705 271 3745 baec
280 3711 301 3744 et
313 3706 353 3743 alra
367 3703 472 3742 nonnulla
487 3711 537 3750 quae
548 3701 675 3749 pelagianis-
700 3735 706 3746 ,
813 3732 819 3742 ,
876 3731 882 3742 ,

146 3769 209 3796 mum
216 3759 313 3806 sapiunt,
324 3759 350 3794 ab
366 3757 468 3794 herenee
478 3756 550 3803 arsque
559 3754 622 3791 fusse
637 3755 678 3790 arr-2
699 3733 846 3791 intervemt,
862 3745 883 3779 su
900 3731 984 3780 lamen
997 3731 1106 3780 credant.
1122 3733 1173 3781 Hoc
1189 3735 1228 3784 est

145 3818 211 3852 trusa.
223 3813 294 3865 Quam
308 3805 372 3849 erum
383 3812 514 3860 paramenta
523 3808 600 3847 ultima
609 3807 675 3854 nujus
699 3801 767 3849 enirn
784 3799 870 3849 vivere
882 3799 909 3847 in
926 3799 1059 3861 conspectu
1078 3799 1136 3859 bei,
1153 3801 1226 3860 digna

146 3867 236 3906 numeri
249 3875 296 3914 pars
306 3866 383 3914 primae
395 3862 501 3902 cohaereat
509 3888 514 3906 .
523 3862 558 3900 rel
569 3870 628 3900 secus
639 3862 675 3899 vi·
698 3869 745 3925 Dei
757 3870 837 3917 Verbo
851 3868 950 3929 negotia
965 3880 1066 3930 gem-03
1078 3868 1144 3916 oculi
1159 3868 1226 3916 enim
1274 3875 1277 3889 2

145 3919 237 4013 wille
244 3973 305 4013 locus
312 3977 409 4023 sumptus
419 3975 450 4012 est
461 3971 577 4011 el‘hilonis
585 3970 641 4009 libro
651 3969 675 4009 de
698 3937 798 3985 nmini
807 3949 882 3998 super
890 3937 976 3996 imm·

145 4028 299 4127 moestarum.
729 4006 767 4056 89.
784 4006 856 4054 {lude
875 4007 901 4053 et
916 4004 1036 4091 Dominus
1058 4002 1116 4107 aitw:
1136 3997 1225 4046 Ellam·
