2752 4806
455 399 496 446 DE
512 403 594 446 cilia
612 401 653 445 ET
672 401 760 446 Auni
776 403 880 448 LIBER
897 401 932 446 li.
1184 398 1229 446 {533

149 481 218 540 poris
229 481 301 541 hujus
315 480 446 543 ingemuit,
461 482 538 530 donec
554 482 677 530 commissi
701 485 821 543 perpetua
831 484 881 532 rita
889 484 1024 541 iustorum,
1033 482 1133 529 etnulla
1143 483 1230 532 sitim·

149 550 311 606 gubernaculi
321 563 409 599 munus
418 551 546 611 impleret,
557 553 585 599 ut
596 551 677 598 caruis
701 553 832 610 proborum
840 553 846 598 i
853 552 916 600 lusti
928 551 1026 610 sanguis
1036 551 1123 598 clamat
1134 552 1231 599 etmor-

150 616 227 675 hujus
244 620 421 668 irrationabiles
438 621 520 667 motus
536 620 676 668 rationabili
702 621 751 681 tui,
762 622 906 670 vitaautem
919 621 1055 680 peccatoris
1065 621 1231 668 absconditur.

149 684 228 735 ductu
250 689 346 747 regeret
367 690 392 736 et
410 689 546 737 coerceret.
562 689 622 736 inde
640 690 678 737 est
731 690 771 737 58.
782 690 892 738 'tertium
908 689 959 747 est,
970 689 1087 748 quoniam
1104 699 1160 734 cum
1174 700 1229 746 par-

149 756 216 814 quod
229 760 313 817 postea
323 758 450 817 prophetae
466 758 493 804 in
509 757 677 817 captivitatem
702 756 819 804 ricidium
846 758 913 805 esset
936 757 1084 816 admissum,
1109 754 1155 801 hoc
1179 756 1229 811 est,

149 836 208 871 cum
216 826 307 884 populo
316 826 457 873 ludaeorum
469 826 677 884 transierunt3ne
702 826 823 872 scelerum
844 826 1012 885 principatus,
1035 824 1078 870 ubi
1102 820 1230 882 peccatum

149 894 244 953 reliqua
255 895 325 954 plebs
336 896 475 943 sanctorum
487 896 605 943 destituta
615 908 678 954 prae-
702 894 823 953 obrepsit,
835 895 918 942 statim
930 895 956 940 et
966 894 1009 940 lex
1018 891 1109 940 dirime
1118 902 1231 938 mansue·

148 961 225 1021 sidio,
247 965 399 1023 consilioque
422 965 523 1012 viduata
541 965 678 1023 graviorem
703 959 1231 1022 tudinisprorogaridebuit3nesicontinuo

148 1030 243 1079 subiret
252 1045 386 1079 aerumnam
399 1046 406 1078 ε
421 1033 463 1079 sed
474 1033 551 1091 magis
562 1032 679 1090 trequen—
702 1031 854 1078 vindicatum
873 1031 938 1078 esset
962 1031 990 1077 in
1011 1042 1095 1088 reum,
1119 1028 1232 1075 homines

148 1098 215 1146 tibus
223 1101 369 1148 commonita
378 1101 483 1148 oraculis
492 1099 678 1158 prophetarum,
703 1111 800 1158 quoque
819 1101 846 1145 in
863 1099 1010 1146 vindicando
1027 1099 1120 1145 nullam
1135 1096 1233 1157 patien-

147 1165 179 1211 ad
193 1167 327 1215 Dominum
341 1169 420 1215 Deum
438 1181 512 1214 suum
528 1168 570 1226 pio
588 1167 680 1214 rediret
704 1165 764 1212 tiam
778 1168 1020 1226 moderationemque
1037 1165 1177 1224 servarent,
1188 1158 1231 1212 sed

148 1235 252 1294 enectu3
264 1249 296 1282 ne
307 1236 417 1283 adversis
428 1235 580 1296 captivitatis
589 1235 679 1284 adtrita
704 1235 787 1282 statim
803 1247 859 1282 reos
880 1237 1001 1295 supplicio
1018 1234 1113 1282 darent
1133 1232 1231 1281 Divinas

145 1305 277 1362 prorueret
288 1305 314 1350 in
329 1304 439 1362 perfidiae
457 1303 598 1362 peccatum,
614 1305 679 1350 salu·
703 1304 786 1351 autem
808 1305 938 1352 sententiae
960 1303 1118 1364 providentia
1142 1301 1230 1360 hujus-

146 1371 230 1430 tisque
241 1373 368 1431 perpetum
378 1371 516 1419 remedium
527 1371 678 1430 desperaret.
702 1373 768 1419 modi
787 1374 837 1432 est,
853 1374 882 1420 ut
899 1370 1126 1432 magnanimitatem
1143 1372 1169 1418 et
1185 1381 1230 1430 pa·

178 1440 220 1485 57.
231 1439 422 1499 Redarguuntur
434 1439 518 1498 itaque
529 1438 575 1485 hoc
586 1439 612 1486 in
623 1439 677 1488 loco
702 1442 815 1489 tieutiam
826 1442 924 1489 doceret
937 1441 1047 1500 judices3
1058 1452 1090 1487 ne
1100 1439 1156 1500 quis
1167 1452 1231 1499 prae-

145 1507 190 1565 qui
207 1507 309 1554 unicam
327 1508 390 1554 hanc
407 1507 485 1555 ritum
503 1506 591 1566 putent
608 1520 675 1568 esse,
701 1522 804 1569 propere
816 1512 944 1570 raperetur
958 1509 1040 1558 studio
1058 1507 1187 1568 vindictae,
1204 1509 1231 1555 et

144 1588 201 1634 quae
219 1575 258 1623 sit*
270 1575 296 1622 in
315 1576 361 1622 hoc
379 1576 469 1633 saeculo
488 1573 585 1635 (omnia
602 1576 676 1636 plena
701 1578 754 1635 ipsa
770 1578 956 1625 deliberationis
967 1577 1146 1625 immaturitate
1155 1577 1231 1634 puni-

146 1643 242 1703 lapsus,
259 1644 332 1702 plena
346 1643 457 1691 moeroris
473 1641 543 1705 sunt)
556 1644 676 1692 etredar-
700 1646 738 1693 ret
761 1647 906 1706 innoxium,
923 1647 967 1694 aut
985 1657 1084 1706 poenam
1102 1643 1231 1691 acerbaret

146 1714 256 1770 suuntur
265 1713 372 1772 simplici
389 1714 452 1760 serie
470 1712 601 1772 gestorum.
612 1714 675 1760 Ecce
700 1713 757 1762 irati
767 1729 773 1761 ε
785 1728 831 1762 nec
841 1717 925 1763 tamen
941 1715 1041 1775 penitus
1057 1713 1165 1760 inultum
1176 1724 1231 1760 esse

148 1780 215 1827 enlm
230 1780 323 1840 justus,
340 1781 472 1842 innocens,
488 1781 558 1840 pius,
573 1782 677 1842 propter
700 1785 826 1842 pateretur
832 1785 858 1831 in
867 1797 897 1832 eo
905 1784 948 1845 qui
956 1785 1050 1830 nullam
1057 1782 1230 1842 poenitentiam

146 1849 249 1907 gratiam
266 1849 403 1898 devotionis
421 1849 477 1897 odia
491 1848 573 1896 iratris
591 1849 676 1897 incur·
700 1853 800 1900 sceleris
814 1853 944 1901 induisset.
956 1852 1059 1911 Repulit
1069 1852 1136 1899 enim
1148 1862 1229 1899 eumn

146 1927 219 1980 rens,
237 1917 382 1965 immatums
399 1916 480 1964 adhuc
499 1917 547 1965 aeri
565 1916 675 1965 sublatus
700 1917 763 1966 facie
778 1933 834 1979 sua,
852 1923 878 1968 et
895 1933 910 1967 a
927 1920 1071 1979 parentibus
1090 1918 1230 1966 abdicatum

146 1986 185 2032 est
201 1984 347 2044 parricid103
358 1985 384 2032 et
400 1984 512 2044 iniquus,
528 1985 676 2044 sceleratus,
701 1989 817 2046 separatae
827 1988 987 2035 habitationis
996 1986 1102 2045 quodam
1111 1986 1231 2045 relegavit

146 2052 252 2113 impius,
267 2055 343 2102 etiam
360 2053 468 2102 tratema
484 2053 550 2101 caede
568 2055 677 2113 pollutus
701 2055 803 2115 exsili03
816 2068 844 2103 eo
855 2055 921 2117 quod
931 2055 962 2102 ab
972 2055 1079 2100 humana
1089 2052 1230 2099 mansuetn-

146 2122 282 2180 longaeram
305 2123 378 2170 duxit
395 2122 507 2180 atatem,
524 2121 597 2169 duxit
613 2135 676 2170 uxo·
701 2121 758 2171 dine
770 2124 895 2172 transisset
905 2124 936 2170 ad
953 2122 1073 2170 saevitiam
1083 2120 1228 2168 bestiarum.

144 2203 213 2250 rem,
223 2191 393 2252 posteritatem
407 2191 521 2251 reliquit,
532 2191 607 2239 urbes
617 2203 676 2241 con·
700 2191 875 2255 Verumtamen
885 2204 935 2239 non
946 2189 1080 2239 homicidio
1090 2188 1169 2236 voluit
1184 2189 1230 2234 ho-

146 2258 250 2318 didit,et
257 2261 304 2308 hoc
311 2259 403 2308 meruit
410 2260 572 2320 permissione
581 2260 673 2308 divina.
700 2258 815 2306 mioidam
825 2260 962 2318 vindicari,
973 2257 1016 2317 qui
1032 2256 1127 2303 mavult
1142 2267 1230 2314 pecca-

145 2327 232 2375 Nomio
251 2329 278 2375 in
295 2330 336 2376 his
350 2329 434 2388 aperte
444 2341 495 2377 rux
511 2328 558 2376 Dei
569 2328 676 2377 clamat!
700 2325 1033 2385 tortscorrectionem,quam
1040 2324 1230 2371 mortemUndo

146 2396 252 2456 Erratis,
269 2397 314 2457 qui
331 2396 425 2457 putatis
442 2396 483 2443 hic
505 2408 558 2443 esso
577 2408 675 2443 omnem
700 2392 726 2438 in
736 2394 843 2441 Lamech
854 2395 993 2453 septuagies
1011 2391 1103 2451 septies
1118 2391 1229 2439 vindica-

145 2463 248 2513 virendi
262 2465 383 2526 gratiam:
395 2476 444 2511 non
462 2463 615 2522 intelligitis,
626 2476 675 2512 non
700 2460 753 2519 tur;
765 2463 822 2521 quia
841 2463 937 2521 gravior
956 2461 1028 2520 culpa
1048 2462 1103 2520 ejus
1119 2461 1171 2520 est,
1184 2461 1228 2520 qui

145 2531 275 2582 advertitis
286 2533 439 2582 senectutem
448 2533 513 2579 hunc
520 2533 676 2580 miseriarum
700 2540 746 2576 nec
757 2531 811 2591 post
821 2531 1001 2580 damnationem
1012 2542 1037 2577 se
1049 2529 1158 2576 correxit
1168 2531 1230 2577 alte·

145 2613 199 2649 esse
211 2603 369 2658 veteranam,
379 2600 608 2660 processionemque
620 2602 676 2648 aeta·
700 2598 760 2646 rius.
777 2600 835 2647 Cain
853 2601 949 2661 impetu
967 2599 1074 2660 quodam
1091 2599 1228 2658 improvido

143 2671 177 2718 tis
197 2681 363 2716 aerumnarum
382 2667 519 2726 stipendia,
538 2670 563 2714 et
585 2670 675 2728 scylleo
700 2668 756 2715 ante
767 2661 928 2728 peccaverat:
939 2669 1046 2718 Lamech
1061 2668 1148 2729 utique
1162 2668 1228 2728 quod

142 2737 253 2798 quodam
261 2749 308 2785 usu
319 2737 491 2783 circumsonari
502 2748 546 2783 nos
556 2737 676 2797 quotidia-
701 2736 726 2782 in
737 2738 814 2785 altero
829 2741 1006 2798 reprehensum
1022 2737 1175 2796 adverterat,
1187 2748 1228 2784 ca-

143 2805 184 2853 nis
196 2805 426 2865 naufragiis,tuudi
437 2804 567 2864 ductibus,
578 2804 605 2851 in
623 2818 676 2852 sco-
700 2818 758 2853 rere
774 2807 901 2854 debuerat.
913 2807 960 2855 Suo
975 2807 1066 2866 quippe
1080 2805 1158 2861 judici
1171 2818 1228 2852 sen-

143 2872 239 2935 pulosls
257 2874 405 2934 habitaculis
424 2873 528 2932 degere,
549 2873 575 2921 et
593 2875 619 2920 in
637 2875 676 2923 his
700 2875 777 2922 tentia
788 2875 934 2934 debebatur,
945 2887 977 2921 ne
990 2875 1046 2934 quis
1056 2873 1145 2933 passim
1156 2884 1227 2920 reum

144 2942 278 3001 delectari,
287 2943 352 2988 sicut
361 2942 423 2989 illud
433 2954 482 2989 non
494 2944 545 2989 tam
555 2943 674 2990 arternum
700 2955 753 2991 esse
771 2944 908 2992 feriendum
919 2945 1028 3004 putaret.
1039 2943 1067 2989 Et
1082 2945 1110 2989 ut
1120 2941 1150 2988 ad
1161 2955 1227 3002 mys-

144 3011 251 3070 animal,
263 3023 337 3070 quam
348 3012 484 3058 immortale
495 3013 587 3059 malum
595 3011 605 3058 t
613 3015 673 3073 Ergo
699 3013 790 3059 terium
806 3014 905 3072 venias,
915 3025 965 3060 non
978 3011 1065 3060 debuit
1082 3010 1233 3061 interimere.

144 3080 171 3127 et
182 3079 223 3126 isti
231 3080 288 3126 Cain
296 3080 438 3139 longaevitas
446 3081 672 3141 indulta,vindicta
699 3093 768 3141 eum,
779 3082 823 3143 qul
840 3094 917 3141 usque
935 3082 966 3128 ad
982 3082 1121 3129 naturalem
1139 3080 1225 3128 termi-

144 3148 199 3207 est3
215 3160 245 3195 eo
262 3149 328 3207 quod
345 3148 411 3196 vixit
426 3149 453 3195 in
471 3151 555 3209 metu,
574 3151 600 3197 et
616 3164 673 3211 pro-
697 3161 757 3196 num
771 3151 857 3198 mortis
867 3163 917 3197 suae
934 3150 1034 3210 agendae
1049 3147 1155 3196 habebat
1169 3160 1226 3207 spa-

143 3216 226 3262 lixum
244 3217 350 3276 spatium
363 3219 441 3264 multo
460 3218 571 3266 cucurrit
589 3219 615 3267 et
633 3220 672 3267 in·
697 3216 760 3264 tium
767 3219 929 3278 poenitentiae,
938 3221 1060 3266 Excusare
1069 3217 1151 3275 posset
1159 3216 1224 3275 quod

143 3283 270 3332 damnoso
278 3285 376 3343 labore,
387 3298 434 3344 qua
445 3298 518 3345 poena
535 3287 600 3333 nibil
619 3301 673 3347 gra-
697 3299 723 3332 se
741 3287 887 3344 redemisset
901 3289 942 3334 rel
958 3298 1012 3332 sera
1030 3283 1125 3331 actione
1143 3282 1224 3341 poeni·

142 3349 200 3401 vius
217 3363 290 3414 quam
305 3353 333 3400 ut
349 3352 405 3413 quis
422 3353 476 3412 ipse
493 3354 541 3401 sihi
552 3356 671 3414 majomm
696 3356 795 3414 tentiae,
806 3357 855 3404 nisi
873 3366 931 3403 eum
942 3354 1086 3414 praematura
1096 3361 1169 3411 poena
1184 3361 1225 3397 ra-

141 3431 216 3468 oausa
233 3433 360 3480 pceuarum
379 3421 420 3468 stt.
431 3421 495 3467 Vide
514 3421 588 3478 igitur
598 3436 672 3482 quam
695 3423 799 3481 puisset.
