2752 4806
426 402 469 447 DE
484 403 550 447 NOE
568 404 610 447 ΕΤ
633 401 846 448 incantanti
865 403 960 447 uritis,
1194 401 1238 450 lot

155 491 197 527 ras
207 491 256 527 non
266 491 321 528 esse
330 479 476 529 miscendas.
487 484 537 530 Nec
548 495 594 544 ego
604 483 685 531 abnuo
710 484 846 531 bonitatem
870 496 941 532 suam
962 482 1087 544 condidit,
1113 485 1239 534 dilnvium

156 547 686 610 irrationabiliumquidem,mundorumta·
711 551 772 601 iecit
797 553 936 600 nostrorum
964 551 1053 600 morito
1081 553 1237 602 delictorum.
1324 549 1327 556 '

155 625 213 661 men
231 616 342 663 motuum
364 617 445 676 aliqua
470 630 524 665 esse
542 619 637 666 semina
659 619 686 667 et
709 620 833 668 admoniti
850 620 909 669 sunt
923 619 1001 681 igitur
1018 620 1131 669 nomines
1144 623 1186 671 rel
1204 634 1237 670 ex

153 683 224 741 quasi
243 684 410 744 principiam
433 687 515 733 anima
534 688 632 747 nostra,
659 689 685 735 et
709 699 812 737 numero
836 688 935 736 dicrum
958 687 1049 747 quibus
1071 688 1178 739 muudus
1201 690 1238 736 est

154 762 240 798 eorum
247 752 290 812 qui
298 753 383 800 mundi
391 764 441 801 non
449 753 507 801 sint.
516 755 609 802 Natura
617 754 684 803 enim
709 757 834 815 conditus,
845 756 912 816 quod
929 755 1085 804 conditorem
1099 768 1171 803 suum
1188 768 1238 804 non

153 817 260 868 bominis
275 823 453 871 contrariorum
464 836 544 884 capax
557 826 608 885 est,
620 828 648 873 ut
659 828 684 874 et
707 823 822 884 lacrymis
832 825 911 872 solnm
922 825 948 871 et
957 823 1117 884 precatione,
1127 823 1171 870 sed
1185 835 1239 871 cor-

152 887 254 936 malitiae
262 889 288 936 iu
299 903 329 938 ea
339 892 373 939 sit
380 891 469 950 ris,et
478 893 580 940 virtutis
589 894 684 952 ingres-
707 893 818 939 rectione
841 903 938 938 morum
959 892 1123 939 reconciliare
1145 891 1240 940 debue-

152 966 208 1014 ειυς
219 956 357 1017 meritoque
367 958 395 1006 in
404 959 527 1019 principio
537 960 595 1007 libri
609 961 684 1020 hujus
707 961 772 1006 rant.
784 961 846 1019 Ergo
861 959 968 1018 spatium
978 958 1048 1007 dedit
1065 959 1097 1007 ad
1114 957 1240 1020 poeniten-

152 1025 242 1080 quiesi
251 1026 366 1086 Genesis,
376 1040 422 1087 per
431 1028 527 1075 arboris
535 1029 645 1088 speciem
656 1030 682 1077 in
708 1027 768 1073 tiam
776 1027 908 1085 Dominus,
917 1023 995 1085 magis
1005 1025 1091 1075 rolens
1101 1025 1239 1086 ignoscere,

152 1090 259 1147 paradisi
283 1093 366 1141 medio
384 1095 467 1153 legisti
494 1095 600 1142 boniet
624 1096 683 1141 mali
707 1105 782 1154 quam
804 1093 910 1153 punire;
928 1093 957 1141 ut
975 1093 1131 1142 imminentis
1149 1093 1240 1144 diluvii

151 1157 290 1207 scientiam.
300 1161 338 1207 De
353 1174 402 1221 qno
416 1162 483 1220 ligno
499 1162 610 1208 scientie
625 1161 684 1209 boui
709 1161 801 1208 terrore
816 1173 963 1221 suspensus,
974 1161 1005 1208 ad
1023 1161 1123 1211 reniam
1139 1165 1240 1222 cogeret

151 1225 177 1272 et
185 1226 246 1272 mali
255 1228 407 1287 preceptum
415 1229 454 1275 est
463 1239 514 1274 uon
524 1240 577 1276 esse
585 1229 684 1289 gustan-
707 1229 891 1289 postulandam
910 1243 958 1290 quo
973 1229 1032 1277 dum
1043 1226 1183 1290 periculum
1200 1230 1239 1279 iu-

151 1291 225 1351 dum;
237 1306 267 1340 eo
282 1295 428 1353 quodmens
444 1295 527 1342 nostra
546 1297 572 1342 in
587 1300 683 1356 quaest
708 1299 768 1346 turae
778 1297 864 1344 mortis
882 1298 1040 1354 horrescunt,
1057 1298 1184 1358 impietati
1200 1299 1238 1346 at·

151 1363 260 1421 cognitio
278 1365 305 1411 et
326 1363 470 1424 disciplina,
490 1365 549 1412 boni
574 1365 599 1412 et
623 1367 681 1413 mali
706 1365 1085 1424 queinjustitlaerenuutiarent.
1097 1365 1237 1414 Secundum

150 1430 244 1489 recipit
253 1431 387 1478 notionem.
398 1433 482 1492 ltaque
494 1433 588 1480 naturae
597 1433 680 1492 opifex
706 1434 755 1493 est,
768 1435 794 1482 ut
811 1434 870 1494 irinc
880 1446 978 1494 quoque
989 1435 1088 1482 Domini
1099 1445 1173 1495 supra
1183 1447 1237 1483 mo·
1307 1477 1315 1492 ,

150 1497 218 1545 sicut
236 1499 268 1546 ad
283 1501 528 1560 propagandum,vel
547 1501 622 1549 etiam
640 1514 681 1548 re·
705 1500 763 1548 dum
779 1501 945 1549 misericordis
960 1501 1119 1549 clementiam
1137 1502 1237 1562 colliga·

149 1566 287 1624 parandum
295 1579 371 1626 genus
382 1568 518 1616 animantia
527 1569 677 1629 reservavit,
704 1581 770 1627 mus3
782 1569 840 1629 quia
850 1568 986 1616 multorum
993 1581 1116 1617 annorum
1123 1569 1236 1617 offensio·

150 1633 310 1681 utunirersae
321 1634 392 1681 terrac
407 1628 572 1682 animantium
583 1636 678 1683 semine
704 1649 761 1684 nem
779 1648 795 1684 a
811 1638 988 1685 constitutione
1007 1636 1095 1684 mundi
1113 1636 1139 1683 in
1159 1635 1235 1683 finem

149 1700 306 1759 replerentur
318 1713 325 1748 a
337 1702 373 1750 ita
388 1703 465 1750 etiam
482 1705 590 1764 eorporis
602 1704 683 1752 nostri
703 1717 780 1764 usque
804 1704 967 1763 contractam,
984 1704 1071 1765 paucis
1093 1704 1195 1765 diebus,
1213 1705 1234 1763 si

150 1768 275 1816 terrenam
285 1770 447 1818 substantiam
458 1782 561 1819 vacuam
573 1784 622 1818 non
633 1785 680 1831 pu·
702 1772 859 1832 paenituisset
878 1785 933 1833 eos,
952 1773 1034 1822 voluit
1051 1773 1175 1821 relaxare.
1192 1774 1235 1822 list

149 1838 211 1886 tavit
231 1840 372 1898 passionum
390 1841 531 1898 hujusmodi
553 1844 678 1901 tamqmm
703 1842 770 1888 enim
785 1839 851 1889 Deus
862 1840 958 1901 peccati
976 1842 1120 1902 immemor,
1131 1841 1234 1890 virtutis

149 1906 331 1955 immundorum
359 1909 505 1955 animalium
535 1909 679 1968 relinquen·
703 1911 889 1968 remunerator,
907 1909 1042 1972 sicutipse
1066 1910 1102 1958 ait
1125 1911 1153 1957 in
1174 1911 1234 1958 Pro-

149 1973 219 2034 dam,
230 1988 285 2034 quae
294 1988 351 2023 cum
362 1976 460 2024 deliciis
471 1977 497 2023 et
505 1977 605 2023 luxurie
616 1977 680 2022 tam-
702 1977 778 2032 plreta
788 1989 796 2023 a
807 1980 858 2037 Ego
868 1991 935 2034 sam,
945 1991 987 2037 ego
1001 1979 1106 2043 soquoi
1114 1978 1176 2024 deleo
1186 1979 1235 2026 aiti-

148 2044 288 2102 quam-vice
298 2045 387 2092 diluvii
397 2045 575 2104 ingurgitatur,
586 2056 680 2091 memo·
703 2045 801 2102 pasiteles
806 2075 815 2100 ,
831 2046 853 2091 cl
872 2057 962 2090 memor
976 2056 1024 2090 aaa
1042 2057 1081 2090 ero
1097 2057 1105 2090 r
1119 2045 1144 2090 la
1156 2047 1234 2091 osum

147 2110 209 2156 ratis
225 2110 331 2159 fluctuat
348 2111 510 2171 passionibus.
531 2109 578 2158 Ubi
594 2109 679 2158 antem
702 2125 792 2158 memor
800 2114 847 2160 esto
852 2115 892 2169 ,ct
899 2111 1047 2170 dommac:
1058 2112 1093 2157 dic
1101 2111 1235 2170 iniquitates

147 2179 280 2227 sobrietate
298 2181 324 2228 et
341 2179 493 2227 continentia
510 2179 677 2239 unnsquisque
702 2180 966 2240 irrecuperatorie.
983 2181 1042 2226 Cum
1062 2178 1129 2226 enim
1145 2177 1234 2227 adrer-

148 2245 319 2294 inundantium
327 2247 486 2296 evacuaverit
493 2246 616 2295 diluvium
622 2259 678 2307 pas·
702 2248 761 2297 terit
771 2261 855 2297 reram
865 2249 954 2296 animae
970 2248 1077 2295 retusam
1089 2259 1142 2294 esse
1153 2246 1234 2294 virtu·

147 2315 256 2375 stonum,
267 2316 294 2363 et
310 2316 440 2376 quamdam
451 2315 539 2362 animae
556 2315 677 2363 retexerit
701 2318 765 2376 tern,
782 2317 878 2364 tantum
894 2316 919 2364 ei
936 2316 1035 2362 honoris
1050 2313 1186 2373 adtribuit,
1205 2316 1234 2362 ut
1299 2369 1304 2382 Ι

147 2384 435 2445 siccitatem‚vivificare
443 2383 533 2443 incipit
543 2396 614 2430 suum
625 2397 677 2430 cor-
701 2396 749 2430 nou
766 2385 846 2431 solum
862 2383 964 2430 veniam
981 2383 1135 2442 superiorum
1150 2382 1233 2441 indul·

147 2462 208 2510 pus,
216 2453 242 2499 et
258 2452 346 2498 animae
356 2448 505 2509 puritatem,
514 2449 554 2497 cui
567 2449 676 2508 regimen
701 2451 757 2509 geat
766 2450 937 2510 peccatorum,
947 2462 1035 2498 rerum
1044 2450 1120 2498 etiam
1128 2450 1232 2509 gratiam

147 2519 269 2578 sapientia
280 2518 327 2568 est.
701 2520 727 2564 et
739 2517 941 2584 iustificationem
952 2517 1087 2579 impertiat.
1099 2519 1232 2578 Exspecta-

702 2585 739 2633 vit
756 2598 814 2646 ergo
832 2587 858 2634 et
869 2580 979 2647 'septimo
995 2587 1049 2647 die,
1061 2586 1115 2647 ipso
1133 2599 1182 2648 quo
1199 2588 1231 2634 ab

700 2653 843 2712 operatione
859 2655 999 2715 requievit3
1010 2655 1039 2702 ut
1054 2656 1074 2703 si
1091 2655 1165 2702 venia
1175 2667 1232 2714 pos-

302 2703 428 2757 (ἶᾹΡῙῙΤ
439 2705 527 2757 xm·
700 2722 1232 2782 ceretur‚seqnereturcorrectio,ciabin·

147 2811 196 2851 ευ,
210 2811 303 2858 mm„
313 2812 358 2849 noe
366 2811 390 2848 ᾗ,
399 2820 484 2856 arcam.
491 2816 536 2860 Μ
544 2815 623 2859 „pm
633 2812 677 2850 dies
700 2790 842 2848 dignatione
853 2791 1032 2850 requiesceret.

387 2629 452 2643 —

168 2862 278 2901 diluvium
289 2861 371 2900 factumi
381 2863 419 2901 sit?
427 2863 483 2900 Item
494 2873 536 2901 cur
547 2863 627 2912 Moyses
641 2863 676 2900 di·
730 2857 770 2904 ts.
782 2858 850 2905 Istud
859 2870 956 2918 quoque
968 2870 1032 2905 curae
1044 2857 1093 2905 luit
1106 2869 1157 2905 lton
1167 2869 1232 2919 prae·
1315 2848 1317 2854 Ι

167 2917 223 2956 ¹0⁶¹
236 2915 292 2953 suun
307 2917 433 2964 poemenia
443 2916 508 2954 asson
520 2921 538 2954 ⁶⁸
552 2917 677 2964 ,maressa
700 2926 850 2984 termittere,
867 2938 897 2973 eo
915 2924 981 2985 quod
997 2926 1119 2974 diluvium
1139 2924 1231 2973 iactum
1304 2959 1307 2966 -

166 2968 469 3071 ffiffiffffiffifflss
474 2970 678 3074 ὄξιοᾜζῐξῗζᾞζ
700 2995 805 3054 dixerit,
815 2995 974 3054 paodrwlato
989 2994 1082 3051 dicbus,
1091 2994 1117 3055 et
1129 2993 1232 3042 addide-

166 3086 235 3125 μη
250 3077 416 3114 comminatione
434 3076 508 3114 mian,
528 3075 675 3115 martinorum
699 3062 745 3120 rit,
757 3063 915 3123 quodraginta
926 3062 1040 3111 mitibus.
1054 3061 1151 3110 Scimus
1160 3062 1229 3109 enim

165 3128 255 3165 slueear.
272 3126 320 3165 ⁹0⁵²
336 3136 387 3176 Ψ
396 3125 490 3166 unsrun
502 3128 546 3166 lese
555 3127 675 3167 medianda
698 3129 764 3177 diem
781 3131 831 3178 dici
843 3142 918 3190 quem
935 3132 971 3178 sol
981 3131 1072 3179 terram
1087 3131 1231 3178 illuminans

167 3179 323 3218 consueretur.
698 3198 899 3259 signat3noctem
911 3199 1149 3260 quamcircumiusac
1160 3200 1231 3246 tene·

174 3268 214 3317 ti.
222 3272 300 3318 mun
308 3281 405 3330 quoque
415 3269 498 3319 studio
506 3271 544 3319 est
552 3283 673 3332 quaerere,
698 3267 748 3314 brae
763 3279 778 3314 a
794 3267 908 3315 claritate
927 3267 1115 3326 disterminant,
1133 3269 1159 3313 et
1175 3267 1231 3327 ple-

143 3352 199 3400 prae
221 3350 293 3386 causa
312 3339 350 3386 est
368 3351 413 3386 cur
431 3340 518 3398 postea
542 3351 616 3398 quam
635 3340 674 3386 in-
697 3335 908 3395 rumqueanobis
919 3334 954 3382 ita
965 3335 1032 3383 diem
1043 3333 1176 3394 significari
1182 3334 1231 3392 ,ut

143 3420 241 3466 gressus
256 3407 294 3454 est
308 3407 357 3454 Noe
376 3406 404 3452 in
422 3417 517 3466 arcam,
530 3407 556 3454 et
574 3407 674 3454 induxit
698 3403 796 3450 noctem
823 3416 872 3451 non
896 3403 1149 3462 comprehendamus3
1174 3402 1230 3460 ple-

143 3474 292 3532 animantia,
302 3473 358 3533 post
373 3472 470 3530 septem
480 3471 534 3519 dies
551 3472 673 3520 diluvium
698 3483 802 3530 rumque
817 3472 847 3519 ut
861 3472 1064 3530 complectamur.
1085 3469 1230 3528 Significan-

143 3542 236 3590 iactum
246 3542 287 3590 sit.
298 3542 352 3588 lion
365 3540 432 3588 euim
442 3540 549 3587 otiosum
559 3539 673 3599 ridetur,
698 3536 736 3584 tes
746 3539 813 3584 enim
825 3550 938 3585 mensem
948 3537 1049 3597 triginta
1060 3536 1171 3597 dierum,
1182 3537 1230 3598 sig-

142 3611 209 3670 qnod
235 3623 285 3658 non
304 3610 347 3658 aut
365 3611 465 3670 plures,
484 3607 527 3655 aut
545 3608 674 3669 pauciores
698 3604 827 3652 uideamus
850 3605 876 3655 et
895 3606 990 3653 noctes.
1005 3605 1075 3652 Unde
1094 3617 1150 3652 cunr
1170 3606 1229 3655 satis

143 3679 284 3740 interpositi
300 3679 358 3727 sunt
375 3679 442 3737 dies,
456 3678 500 3725 sed
518 3678 556 3726 tot
573 3677 634 3738 quot
647 3677 673 3725 in
698 3671 786 3721 luisset
803 3674 881 3734 Moysi
900 3674 993 3722 dixisse
1012 3673 1135 3722 diluvium
1152 3674 1228 3723 fuisso

143 3747 414 3795 constitutionemundi
425 3746 534 3794 luerunt.
545 3745 595 3792 Sex
606 3746 672 3792 enirn
698 3743 857 3803 quodraginta
876 3742 970 3800 dicias,
990 3755 1035 3791 cur
1052 3741 1189 3804 addiderit,
1207 3748 1229 3792 ci

142 3815 232 3863 diebus
242 3816 321 3864 tactus
332 3816 370 3864 est
383 3814 503 3874 mundus,
515 3814 620 3875 septimo
632 3815 672 3862 die
698 3811 855 3872 quodraginta
862 3811 975 3870 noctibus,
981 3812 1108 3872 quaeritur.
1116 3811 1145 3858 nt
1150 3811 1227 3869 aliqui

142 3882 269 3942 sequeus
285 3884 352 3930 lieus
369 3883 400 3929 ab
418 3881 534 3942 operibus
550 3882 609 3930 suis.
620 3882 673 3940 Quo
697 3879 733 3925 ita
743 3880 891 3942 acceperunt
899 3879 944 3940 qui
954 3881 1011 3927 anto
1022 3892 1067 3927 nos
1076 3877 1228 3937 luerunt,ut

143 3949 281 3998 declaravit
292 3951 383 3998 indicio
393 3951 474 4010 ipsum
483 3963 536 3998 esse
547 3951 672 3999 auctorem
698 3950 723 3997 et
734 3949 843 3997 virorum
854 3949 881 3996 et
897 3949 1030 3996 mulierum
1045 3948 1123 4006 factus
1134 3943 1227 3990 diluvio

143 4015 245 4078 mundi,
254 4017 327 4078 atque
339 4016 437 4066 diluvii.
446 4017 563 4065 liundum
572 4020 672 4077 propter
697 4017 813 4067 interitus
823 4014 1031 4065 demonstraretur
1043 4027 1050 4062 a
1070 4010 1178 4069 diemad
1188 4009 1227 4057 ri-
