2752 4806
314 353 357 401 ml
374 355 486 402 Jacob
496 355 650 403 ΈΤὟΙΤΛ
667 355 784 402 ΒΕΔΤΛ
799 354 901 401 tissa
917 351 935 402 i·
1124 353 1175 402 aot*

113 431 138 481 Β.
148 431 260 494 Denique
277 437 394 496 quem'dc
405 437 548 484 bominibus
561 449 614 484 me·
636 435 714 497 tura,
732 436 760 485 ut
782 436 893 484 mentem
919 433 997 496 ipsam
1016 431 1110 482 divinis
1130 435 1171 481 in-

81 499 171 568 liorem
182 502 528 567 ctiortioremadsumemus,
538 518 613 567 quarn
637 505 756 555 formaret
772 505 917 568 praeceptis,
937 506 964 553 ct
980 503 1109 565 sapientiae
1129 505 1170 552 in-

79 572 194 622 sauctum
213 573 306 636 David,
317 576 361 637 qui
379 576 428 624 sibi
447 577 612 636 cupiditatem
637 575 745 624 strueret
755 575 906 636 disciplinis,
917 573 1008 634 quibus
1018 573 1045 620 et
1058 572 1169 621 cavenda

79 653 129 700 oua
144 642 306 702 concupierat
321 655 410 705 aquam
422 643 453 692 de
471 646 528 692 lacu
538 645 614 692 Betlr·
636 645 814 704 praenosceret,
829 642 856 690 ct
869 641 984 703 eligenda
1001 641 1168 701 cognosceret.

79 708 178 770 lehem,
196 711 280 760 hostili
299 711 460 762 interclusam
483 712 611 774 exercitu,
635 713 703 761 diens
714 712 791 772 igitur
801 711 870 759 rectas
883 710 982 759 ratione
993 709 1083 758 tenens
1093 709 1168 756 disci·

77 776 178 825 auterre
195 791 247 827 non
259 781 370 840 potuit,
380 780 465 841 potuit
478 779 613 840 mitigaret
635 780 727 840 plinam
739 779 918 841 sapientissimi
929 779 1013 826 divina
1024 776 1168 843 achemaaa

78 845 139 894 llam
154 860 211 895 cum
221 847 277 896 aliis
287 849 375 910 utique
387 848 497 914 defuisse
509 861 559 896 non
571 843 612 896 in·²
635 848 899 908 cognoscat,eruditur
909 848 935 896 in
946 849 1024 907 Lete,
1035 856 1168 906 perquam

78 915 224 976 veniamus,
236 916 262 964 id
273 918 324 979 cst,
335 919 403 967 tamo
418 919 545 983 exercitus
559 931 612 979 nug
634 916 707 966 discit
725 929 786 979 quas
800 916 849 965 sibi
865 915 989 976 subjicere
1004 913 1094 965 debeat
1110 925 1168 975 pas·

79 994 163 1045 mero,
181 998 238 1033 cum
257 987 345 1047 utique
361 987 439 1034 multo
456 987 539 1034 minus
556 984 613 1053 rapi
634 986 726 1034 siones.

80 1051 167 1101 deesse
191 1053 301 1114 potuerit
327 1066 361 1102 ex
384 1055 480 1102 caeteris
502 1053 617 1103 tontibus
878 1056 928 1074 ’¹¹'

78 1131 155 1185 aqua3
171 1121 365 1170 irrationabilem
376 1123 507 1183 quamdam
519 1136 614 1189 conca-⁸,

92 1187 95 1191 Ι
804 1128 932 1184 CAPUT
943 1128 988 1179 11.
1071 1118 1073 1122 ’

78 1188 226 1254 piscantium
232 1205 326 1253 passus,
334 1192 483 1240 desiderarit
489 1205 543 1240 eam
555 1194 614 1252 quae}

72 1252 188 1310 nostrum
213 1262 267 1308 erat
290 1259 480 1309 cncumrussons
505 1260 614 1320 variata,
632 1230 1168 1340 Pffiffiffiffiiussifssffifflffl

73 1322 208 1377 'undesine
219 1329 327 1377 maximo
344 1328 456 1390 periculo
466 1342 516 1376 non
536 1329 608 1377 facile
625 1360 628 1367 .

74 1394 200 1455 potuisset
210 1397 311 1449 deterri,
323 1399 408 1458 ltaque
420 1398 455 1444 ait
466 1409 474 1444 a
486 1400 541 1459 Quis
551 1399 614 1451 initii*

74 1465 143 1512 dabit
157 1468 238 1526 potam
248 1469 275 1515 dc
285 1468 338 1515 locat
348 1471 389 1528 qai
397 1470 430 1515 cst
441 1469 465 1514 in
476 1468 607 1514 Bethlehem

75 1535 110 1579 ud
123 1535 234 1594 portam?
245 1536 273 1583 Et
284 1549 340 1598 cum
355 1538 436 1589 esseut
446 1536 539 1597 reperti
556 1537 607 1583 tres

70 1601 125 1663 uviri
136 1603 179 1662 qui
189 1603 296 1652 bostium
307 1606 384 1653 castra
394 1605 571 1664 praeciderent‚
581 1607 607 1653 et

654 1356 707 1383 rum
724 1345 900 1383 demonstrantur
914 1345 1029 1392 exemplis,
1044 1353 1069 1382 ac
1090 1342 1167 1380 deindo

655 1396 1166 1448 rationisdignitatecornmcndatacamdcmtem·

654 1455 772 1545 Βξιτθῗιὲιιῗπι
781 1453 854 1491 divino
862 1456 969 1502 praecepto
978 1451 1063 1489 muniri
1073 1449 1165 1490 Smerde

661 1599 684 1645 5.
693 1599 845 1646 i‘nss1ouom
853 1596 936 1644 autem
945 1595 1015 1644 reiut
1023 1595 1098 1644 duces
1106 1593 1165 1642 sunt

76 1668 204 1719 deferrent
215 1664 303 1732 aquam
318 1685 391 1733 quam
402 1684 497 1719 summo
508 1661 606 1719 deside·
629 1668 753 1715 naturales
768 1665 903 1714 delectatio
920 1666 946 1713 et
957 1665 1038 1723 dolor,
1049 1676 1109 1723 quas
1124 1675 1164 1710 se-

75 1739 113 1786 rio
124 1735 453 1803 desiderasset,cognoscens
464 1742 530 1802 quod
541 1742 606 1802 peri·
629 1735 739 1795 quantur
755 1737 859 1782 caeterae.
880 1733 931 1780 ilias
950 1732 1018 1779 enim
1041 1732 1165 1791 complec-

76 1808 217 1874 cmoalieno
226 1823 288 1871 aqua
296 1811 342 1858 stoi
352 1811 438 1858 eadam
446 1812 605 1870 constitisset,
629 1805 715 1852 turtur
723 1803 865 1862 universas,
875 1814 979 1863 quarum
994 1802 1099 1861 utraque
1114 1812 1163 1848 non

67 1875 185 1939 ,protudit
199 1879 268 1926 illam
283 1879 402 1937 Domino,
413 1891 445 1925 ne
462 1879 605 1937 sanguinem
630 1872 846 1932 salomomonis,
866 1872 909 1919 sed
930 1870 1006 1917 etiam
1026 1869 1163 1917 secundum

75 1943 176 1991 illorum
199 1946 242 2006 qui
266 1960 322 1994 earn
344 1946 498 2002 detulerant,
519 1944 605 1992 bibere
630 1942 737 1986 animam
754 1942 879 2000 passiones
896 1940 961 1986 sunt.
973 1938 1003 1984 ut
1019 1937 1077 1997 quia
1096 1937 1163 1984 dixi·

27 2028 30 2033 ·
74 2011 276 2073 videretur.Quae
283 2027 323 2062 res
332 2014 424 2061 indicio
435 2013 542 2072 estquod
550 2025 607 2071 con·
630 2021 684 2054 mus
693 2009 791 2055 subesse
800 2008 907 2055 bisaltas
915 2006 1111 2066 passiones,aute
1121 2012 1163 2053 ac·

74 2082 229 2141 cupiscentia
247 2084 349 2145 quidem
368 2083 488 2129 rationem
510 2095 606 2141 praere-
630 2075 1004 2136 testationemconcupiscentia,
1014 2076 1164 2134 postdelec·

74 2150 141 2210 ulat3
156 2152 200 2199 sed
210 2153 273 2200 ratio
289 2152 418 2213 cupiditati
435 2152 543 2200 resistat.
555 2152 607 2198 liu·
630 2147 748 2194 tationem
757 2145 888 2206 gratulatio
904 2144 941 2192 est
957 2157 964 2189 a
979 2144 1036 2190 ante
1052 2143 1163 2191 dolorem

75 2230 175 2266 manum
198 2221 282 2282 itaque
304 2233 389 2281 passus
408 2220 445 2268 est
468 2218 559 2278 David,
578 2219 607 2266 ut
630 2217 714 2263 autem
732 2216 770 2262 est
787 2215 875 2273 timor,
894 2213 949 2274 post
969 2213 1080 2262 dolorem
1103 2213 1162 2259 tris-

75 2286 607 2349 irrationabilitcrconcupisceret:sedillud
630 2285 694 2333 titia.
705 2285 841 2332 Commotio
857 2285 940 2331 autem
957 2282 1034 2337 animi
1051 2294 1162 2329 commu-

73 2354 213 2417 laudabile,
224 2359 290 2419 quod
305 2358 500 2406 irrationabilem
516 2369 606 2403 concu—
630 2353 668 2400 nis
685 2355 779 2412 passio,
795 2353 822 2401 et
839 2351 1010 2399 delectationis
1026 2352 1052 2398 et
1071 2350 1162 2397 doloris

70 2423 221 2486 'piscentiam
238 2427 418 2474 rationabiliter
439 2426 524 2484 parato
539 2424 606 2470 irau-
630 2423 676 2469 est.
688 2423 859 2469 {transcurram
875 2419 949 2479 alias,
966 2418 1059 2477 idest,
1076 2431 1162 2478 snper·
1181 2419 1193 2438 ³

75 2490 144 2538 davit
163 2495 280 2542 remedio.
299 2496 364 2541 Dum
383 2494 455 2540 laudo
479 2492 546 2539 viros
562 2492 605 2551 qui
630 2489 860 2548 biam,avaritiam,
872 2488 1049 2546 ambitionem,
1061 2490 1162 2535 conten·

75 2558 229 2608 erubuerunt
255 2561 405 2609 desidorium
425 2560 464 2607 sui
482 2560 560 2618 regis,
580 2559 605 2604 et
629 2559 733 2619 tionem,
745 2559 876 2619 invidiam,
889 2572 944 2618 quae
955 2558 1160 2605 suutsccundum

74 2632 219 2679 maluerunt
234 2631 308 2678 tirrem
323 2631 377 2688 ejus
391 2627 548 2676 verecundiae
564 2629 605 2674 vei
629 2629 735 2675 animam
748 2629 873 2689 passiones
884 2641 892 2673 s
904 2628 1067 2685 transcurram
1083 2627 1160 2674 etiarn

73 2700 189 2759 periculo
206 2701 311 2758 propriae
328 2698 414 2745 salutis
430 2698 517 2744 atterrc
532 2696 605 2756 :plus
630 2696 923 2756 inexplebilemrorandi
937 2695 1081 2753 libidinem,
1098 2696 1161 2742 eilu-

71 2769 148 2815 laudo
160 2781 215 2815 eurn
227 2769 269 2828 qui
282 2767 382 2815 erubuit
392 2767 419 2813 in
429 2779 472 2814 suo
484 2764 605 2812 desiderio
630 2765 886 2825 sionemqueiuxuriae
897 2766 970 2824 atque
980 2764 1096 2821 lascivire,
1105 2775 1160 2822 quas

73 2837 185 2884 alienum
203 2836 357 2897 periculum,
373 2836 399 2883 et
417 2847 506 2894 aquam
524 2833 605 2893 dubiae
629 2833 693 2879 vitia
707 2845 772 2879 nexa
787 2833 843 2879 sunt
862 2832 972 2890 corpori,
983 2833 1008 2877 et
1023 2831 1160 2876 secundum

73 2905 148 2953 sortis
164 2906 243 2964 pretio
260 2905 402 2964 rpuaesitam,
414 2902 527 2962 sanguini
540 2914 606 2948 corn·
631 2901 841 2962 iiludoperantur.
850 2900 984 2960 Meritoque
994 2899 1160 2958 temperantia

73 2973 171 3034 paravit
190 2986 197 3018 ε
217 2973 290 3019 simul
308 2973 377 3033 quasi
397 2983 509 3031 repressa
527 2970 606 3016 victor
629 2984 702 3030 quarn
722 2971 830 3017 maxime
847 2969 949 3016 istarum
963 2969 1102 3028 passionum
1119 2981 1160 3015 rc·

74 3037 211 3101 cupiditate
227 3039 337 3101 profudit
348 3053 436 3100 aquarn
448 3039 566 3097 Domiuo;
579 3039 606 3083 ut
630 3039 732 3098 stinguit
742 3040 867 3098 ardorem,
879 3051 935 3098 quae
946 3037 1053 3098 primurn
1064 3037 1159 3084 sobrie·

74 3109 216 3157 ostenderet
227 3108 291 3168 quod
303 3107 527 3167 concupiscentiam
536 3119 605 3161 suam
631 3110 681 3156 tate
698 3109 771 3168 atque
787 3107 952 3154 moderamine
969 3107 1083 3168 animum
1098 3107 1161 3154 tem·

72 3179 146 3247 verbi
157 3180 321 3226 consolatione
332 3176 507 3237 restingueret.
629 3178 830 3236 perat,mentem
842 3176 971 3236 informat3
981 3175 1070 3222 deinde
1082 3175 1159 3222 etiam

104 3242 129 3291 t.
141 3247 222 3295 Potest
233 3247 309 3304 igitur
324 3259 394 3293 mens
404 3244 486 3292 sobria
503 3243 611 3303 impres·
630 3247 774 3293 deliciarum
796 3245 946 3292 abstinentia
968 3243 1094 3302 restringit
1114 3243 1177 3288 ha·-

74 3312 157 3361 siones
167 3314 299 3362 refraenare
309 3327 336 3360 ac
347 3315 484 3373 reprimere
494 3315 606 3372 quamvis
630 3316 706 3362 benas
724 3314 855 3372 corporalis
870 3311 1013 3360 ferocitatis.
1032 3311 1090 3357 ldeo
1107 3311 1160 3356 Lex

74 3383 188 3442 gravium
203 3383 357 3441 passionum,
372 3384 398 3429 et
415 3381 538 3428 terrorem
554 3392 607 3426 orn·
630 3380 720 3427 recidit
742 3381 852 3426 ciborum
871 3379 1010 3435 licentiam,
1030 3379 1159 3436 epularum

73 3463 132 3500 uem
143 3442 286 3511 cupiditatis
296 3450 489 3509 flagrantissimae
504 3448 607 3507 refrige-
631 3449 726 3507 copias,
737 3459 787 3494 non
804 3448 884 3493 solum
900 3446 929 3492 ut
946 3444 1069 3491 resecaret
1087 3445 1159 3492 luxu·

73 3517 607 3577 rarc,derivarealiomotus,etrectaera-
631 3519 811 3565 riamrverum
825 3515 899 3561 etiam
915 3515 944 3561 ut
954 3513 1090 3560 inhibentis
1101 3525 1193 3559 con·¹
1263 3517 1266 3523 '
1347 3509 1351 3516 '

73 3587 150 3634 tionis
167 3582 312 3635 tractatione
334 3587 454 3646 despuere
472 3585 606 3644 passiones.
630 3585 790 3644 temptatione
804 3581 923 3642 precepti
937 3583 1003 3631 viam
1017 3582 1158 3629 tractationi

73 3654 173 3702 Etenim
191 3667 247 3702 cum
257 3656 323 3701 Deus
334 3653 460 3700 hominem
472 3650 607 3698 constitue·
630 3654 732 3701 rationis
739 3651 862 3714 aperiret,
871 3665 925 3712 quae
934 3650 1087 3700 irritamenta
1095 3652 1158 3712 gulae

73 3722 126 3782 ret,
136 3722 195 3769 etin
204 3734 233 3770 oo
242 3733 322 3768 mores
330 3732 464 3780 sensusque
472 3719 605 3779 plantaret,
631 3723 778 3783 caeterasque.
788 3720 911 3770 recideret
926 3719 1088 3782 cupiditates,
1104 3734 1159 3769 con-

73 3791 133 3839 tunc
142 3789 248 3838 motibus
256 3789 309 3848 ejus
318 3789 435 3849 imposuit
443 3789 526 3849 regale
538 3800 607 3834 men·
630 3805 716 3852 porcas
731 3791 857 3852 passiones
873 3791 1002 3852 motusque
1020 3791 1156 3839 cohiberet.

73 3859 107 3907 tis
118 3858 264 3919 imperium3
275 3859 304 3906 ut
314 3870 399 3906 omnes
414 3870 500 3906 sensus
513 3858 607 3904 motus-
630 3860 801 3920 Temperantia
807 3860 844 3907 cst
850 3859 925 3918 initur
933 3859 1090 3909 correctionis
1095 3869 1157 3917 prce·

74 3940 124 3987 que
135 3927 257 3987 nominis,
269 3927 321 3985 ejrrs
337 3929 421 3986 vigore
438 3938 466 3974 ac
482 3927 604 3986 potestate
630 3932 684 3992 via,
695 3931 831 3992 disciplinas
840 3930 966 3992 magistra.

73 4000 229 4059 reperentur.
245 3997 362 4056 delibasti
373 3997 401 4044 ad
420 3996 522 4058 gratiam
535 4008 605 4045 crea·
660 4001 683 4049 6.
696 4001 731 4048 Ab
750 4002 795 4048 hac
812 3999 935 4061 protectus
952 3996 1026 4045 Jacob
1046 3992 1155 4049 sanctus,
