2752 4806
471 473 722 520 ‘REX'ABMERON
738 473 848 518 urban
866 474 900 518 Π,
1195 468 1226 516 {9

178 553 216 602 10.
227 555 274 604 Nos
291 553 374 602 autem
386 553 568 613 scripturarum
583 553 673 601 seriem
698 553 750 600 luit
760 553 908 612 ostendere,
918 550 948 607 ut
961 550 1142 610 eorpeo'tacuic
1151 551 1228 600 etiarn

145 623 223 681 atque
233 621 345 669 ordinem
355 623 498 682 sequimur,
509 624 534 670 et
544 635 608 682 opus
617 633 674 669 con·
698 622 743 669 illa
759 635 816 682 quae
836 634 887 668 non
902 619 1003 677 vidisti,
1018 618 1153 668 aestimares
1172 632 1227 668 esse

146 690 307 750 temptitione
333 692 484 740 aestimamus
504 692 627 751 auctoris,
648 691 674 737 et
698 691 829 738 credenda.
853 689 967 738 iordanis
990 699 1104 748 quoque,
1133 688 1228 736 reflexo

144 759 205 816 quid
212 759 305 811 dictum
314 758 498 819 sitquaerimus,
505 759 531 806 et
538 759 594 819 quis
604 759 675 806 dixe·
698 771 785 819 amne,
796 760 823 806 iu
833 771 906 807 suum
916 756 1009 805 iontem
1016 755 1159 803 revertitur.
1171 758 1228 803 ilae-

144 827 188 885 rit,
199 828 225 874 et
234 828 275 874 cui
286 827 380 875 dixerit
391 841 397 873 :
409 830 474 886 Fiat,
486 828 581 888 inquit,
590 829 675 886 firma·
696 842 754 879 rere
764 840 867 888 aquam,
881 840 936 875 cum
945 825 1053 882 labitur,
1064 823 1228 883 inusitatum3

144 899 247 943 menum
258 898 284 942 ia
294 899 369 944 nudie
379 911 446 957 oque
453 929 461 954 ,
473 900 494 945 et
504 899 535 945 sit
545 899 674 944 maneas
698 911 796 949 rursum
814 898 896 945 redire
920 897 947 942 in
965 895 1093 954 superiora
1107 894 1161 940 sine
1177 893 1229 939 ullo

144 964 206 1011 iuter
223 979 306 1025 aquus.
324 965 402 1012 Audio
423 965 605 1013 firmamentum
619 965 673 1012 tieri
698 968 814 1028 repagulo
825 965 978 1025 impossibiie
989 963 1104 1010 habetur.
1114 962 1163 1009 Sed
1170 961 1230 1021 quid

144 1043 191 1092 per
201 1035 353 1093 praeceptum
369 1047 417 1094 quo
433 1035 587 1082 divideretur
598 1046 675 1094 aqua,
701 1034 853 1095 impossibiie
865 1033 890 1079 ei
901 1032 944 1090 qui
957 1030 1026 1078 dedit
1040 1042 1111 1090 posse
1123 1029 1230 1077 infirmis

144 1100 172 1147 et
186 1101 217 1147 ab
230 1102 348 1150 interiore
360 1103 472 1162 superior
484 1103 675 1148 discerneretur.
700 1104 729 1150 ut
740 1103 855 1149 'infirmus
866 1100 932 1148 dicat
943 1113 950 1146 a
960 1101 1045 1148 Omnia
1057 1112 1151 1159 possum
1162 1101 1188 1145 iu
1202 1112 1230 1146 eo

143 1167 209 1225 Quid
224 1168 271 1216 hoe
288 1170 458 1217 manifestius?
473 1170 522 1227 Qui
538 1169 611 1228 iussit
626 1169 677 1216 dis·
701 1174 743 1233 qui
751 1186 788 1218 me
800 1170 925 1229 corrfortat.
938 1169 1026 1216 Dicant
1036 1168 1104 1215 certe
1112 1167 1231 1227 quemad-

145 1238 215 1283 cerni
226 1250 315 1297 aquam
324 1238 455 1299 interjecto
467 1240 492 1285 at
503 1238 585 1284 medio
595 1237 677 1284 firma-
700 1239 800 1288 modum
813 1250 856 1284 aer
866 1237 966 1296 cogatur
980 1237 1006 1283 in
1019 1237 1126 1296 nubem,
1144 1237 1230 1284 utrum

145 1307 244 1364 mento,
260 1307 372 1364 providit
383 1306 587 1365 quemadmodum
597 1307 675 1354 divisa
700 1309 786 1369 pluria
797 1305 904 1352 nubibus
915 1305 1061 1366 generetur,
1073 1316 1104 1352 an
1114 1303 1171 1351 sinu
1182 1317 1230 1351 nu·

146 1373 221 1431 etque
242 1375 350 1420 discreta
369 1387 469 1423 manere
487 1375 571 1435 possit.
591 1375 675 1422 Sermo
700 1375 769 1422 bium
790 1374 927 1432 colligatur.
943 1373 1062 1419 Videmus
1081 1373 1230 1431 plerumque

148 1441 196 1487 Dei
208 1441 287 1488 virtus
295 1443 390 1489 naturae
406 1444 457 1501 est,
470 1444 495 1489 et
507 1444 675 1491 diuturnitatis
700 1443 769 1489 exire
778 1443 858 1489 nubes
867 1442 898 1488 de
909 1442 1041 1488 montibus.
1049 1440 1136 1497 Quaero
1145 1441 1230 1487 utrum

147 1509 286 1557 substantia
301 1511 459 1570 quoadusque
477 1512 539 1559 velit
550 1525 605 1557 eam
623 1525 675 1557 ma·
700 1513 731 1557 de
752 1510 825 1558 terris
846 1510 963 1557 ascendat
979 1521 1057 1568 aqua3
1076 1521 1108 1554 an
1126 1521 1155 1555 ea
1174 1521 1230 1567 quae

145 1589 207 1625 nere
224 1579 267 1637 qui
282 1579 381 1637 statuit,
396 1579 461 1627 sicut
476 1579 596 1639 scriptum
615 1580 651 1627 est
667 1594 673 1626 :
700 1590 774 1637 super
783 1579 857 1624 coelos
868 1576 1228 1636 est,largoinrbredcsoendat.

143 1647 234 1694 Statuit
242 1661 271 1693 ea
281 1649 307 1694 iu
317 1649 427 1694 secutum
439 1649 526 1704 soecuii,
537 1651 675 1708 praemium
701 1645 726 1691 Si
738 1647 857 1705 ascendit,
864 1646 950 1705 utique
962 1644 1045 1691 contra
1056 1645 1170 1691 naturam
1181 1644 1229 1701 est,

142 1718 222 1774 posuit
233 1719 255 1763 et
266 1730 314 1762 uon
320 1716 456 1776 praeteribit.
463 1715 493 1762 rt
502 1717 530 1762 ut
540 1715 611 1774 scias,
618 1717 676 1776 quia
701 1715 729 1761 ut
741 1714 855 1761 ascendat
872 1714 900 1759 in
914 1713 1043 1773 superiora
1062 1725 1116 1773 quar
1132 1712 1231 1770 gravior

150 1782 181 1829 de
194 1784 247 1831 istis
258 1785 328 1844 aquis
339 1786 386 1832 hoo
397 1785 476 1844 dixit,
492 1798 552 1844 quas
563 1785 593 1832 tu
602 1798 677 1845 negas
702 1783 752 1841 est,
764 1782 790 1830 et
800 1783 912 1842 portetur
920 1794 988 1840 aere,
999 1794 1056 1828 cunr
1064 1793 1107 1827 aer
1115 1780 1231 1828 subtilior

143 1863 218 1910 posse
232 1853 259 1899 iu
278 1855 444 1913 superioribus
462 1855 518 1901 coeli
531 1867 599 1914 esse,
619 1855 677 1901 audi
701 1852 741 1898 sit.
751 1853 799 1900 Aut
809 1853 830 1899 si
843 1852 933 1899 conciti
949 1851 1099 1898 orbistotius
1110 1851 1181 1896 motu
1189 1861 1230 1896 ro·

144 1921 275 1978 superiora
288 1932 295 1966 r
306 1922 412 1967 Laudato
422 1934 475 1967 eum
485 1922 536 1968 coeii
553 1923 677 1978 coetorum,
702 1922 769 1979 pitur
777 1934 854 1981 aqua,
865 1921 930 1968 sicut
940 1921 990 1967 imo
1001 1920 1060 1968 orbe
1071 1919 1183 1979 rapitur,
1194 1917 1231 1965 ita

147 1989 170 2034 et
181 2001 261 2047 aquae,
274 2002 325 2048 quoe
336 2003 404 2048 suaper
419 1991 486 2037 coetos
500 1992 568 2048 aurat,
584 1991 678 2037 laudaut
703 2002 797 2036 summo
815 1991 875 2036 orbe
893 1988 1047 2036 diffunditur.
1064 1989 1089 2034 Si
1100 1988 1186 2044 tundi,
1203 1987 1231 2034 ut

144 2067 234 2102 -aomcu
245 2058 349 2103 Domini.
361 2057 446 2103 Nonne
457 2058 527 2115 quasi
538 2057 677 2104 adversanti
703 2059 803 2118 volunt,
813 2071 862 2106 non
874 2058 978 2116 desiuit,
989 2058 1076 2118 utique
1084 2068 1133 2104 uon
1140 2056 1231 2103 desiuit

148 2123 197 2169 tibi
214 2124 296 2172 dixit:
309 2126 426 2185 monium
444 2127 490 2185 ipae
501 2128 561 2173 dixit
576 2129 598 2173 et
614 2127 679 2185 foeta
703 2127 835 2187 rapi;quia
843 2127 863 2173 si
875 2126 928 2174 axis
937 2127 992 2173 coeli
1003 2139 1099 2186 semper
1108 2125 1230 2182 movetur,

145 2193 216 2255 suut,
226 2193 273 2250 ipse
284 2193 404 2239 mundarit
420 2195 441 2239 ct
453 2196 532 2241 creato
543 2197 598 2241 suat
610 2209 617 2241 .·
629 2197 677 2242 sta·
703 2195 729 2241 et
739 2208 802 2255 aqua
814 2208 911 2255 sempor
921 2195 1042 2242 hauritur.
1054 2195 1079 2241 Si
1090 2191 1233 2249 descendit3

145 2261 193 2306 tuit
204 2274 232 2307 ea
244 2262 268 2306 iu
278 2262 481 2321 aoecutamsoeculi,
489 2267 679 2324 praeceptumpo-
703 2264 787 2311 manet
805 2277 863 2323 orgo
881 2264 976 2322 jugiter
994 2275 1067 2321 supra
1087 2263 1161 2306 coetos
1176 2272 1233 2318 quae

149 2330 211 2384 suit,
223 2332 244 2375 et
255 2342 301 2376 aaa
311 2330 561 2388 proetmibitibnnon
578 2333 678 2380 videtur
701 2331 780 2378 ⁴habet
805 2333 872 2377 unde
893 2331 1033 2377 descendat.
1055 2327 1151 2374 Deinde
1171 2327 1233 2386 quid

144 2395 196 2441 tihi
206 2397 679 2458 auctoridoneus,quilegemsuooperi
704 2399 784 2445 obstat
796 2399 816 2444 si
836 2399 999 2445 confiteantur
1008 2397 1066 2456 quia
1076 2408 1139 2456 aqua
1158 2407 1232 2455 supra

148 2463 235 2511 daret?
248 2466 314 2511 Deus
329 2466 419 2524 estqui
435 2465 511 2524 dicit,
530 2467 680 2513 venerabilis
705 2467 778 2512 coelos
796 2479 913 2525 suspensa
933 2465 982 2514 siti
1002 2467 1061 2512 Nam
1081 2477 1129 2525 quo
1154 2465 1232 2512 'verbo

149 2533 254 2591 aratura,
285 2533 465 2579 inaestimabilis
495 2535 679 2593 magnitudine,
705 2534 790 2581 dicunt
801 2536 893 2581 terram
912 2535 939 2580 in
955 2535 1037 2582 medio
1056 2547 1109 2581 esse
1129 2523 1235 2592 suspen?

146 2601 288 2647 immensus
309 2601 336 2645 in
358 2602 618 2662 remunerationibus,
641 2605 679 2650 in·
704 2605 795 2661 sam,et
803 2603 955 2649 immobilem
964 2615 1136 2661 manere,cum
1145 2603 1233 2663 utique

147 2668 381 2726 comprehensibilis
405 2669 431 2715 iu
457 2671 587 2730 operibus,
610 2672 679 2730 cuius
704 2671 800 2728 gravior
810 2671 842 2717 sit
852 2683 925 2730 quam
936 2683 1012 2729 aqua3
1024 2683 1054 2716 ea
1065 2671 1158 2716 ratione
1176 2682 1233 2730 pos-

143 2736 309 2784 altitudinem
325 2739 453 2797 sapientiae
464 2741 519 2798 quis
532 2741 679 2800 investigare
705 2738 762 2785 suut
772 2739 855 2784 dicere
866 2749 915 2783 uon
926 2738 1076 2796 praecipitari
1095 2750 1184 2796 aquam
1194 2749 1233 2783 or·

147 2804 248 2853 facilis?
266 2805 315 2852 iste
336 2806 397 2854 dicit
414 2807 490 2867 Filio,
506 2809 532 2855 id
548 2811 600 2867 est,
618 2810 681 2855 dicit
705 2806 744 2851 bis
766 2807 834 2852 iltius
853 2807 959 2851 coeiestis
980 2807 1154 2863 conversione,
1178 2818 1233 2864 quaa

148 2872 252 2920 brachio
273 2886 330 2932 suo,
348 2874 409 2921 dicit
427 2875 514 2923 virtuti
533 2890 598 2936 suae,
620 2876 681 2923 dicit
705 2887 779 2933 super
787 2875 861 2921 coelos
871 2875 918 2921 est.
929 2875 998 2921 Sicut
1010 2874 1078 2921 enim
1087 2874 1152 2920 terra
1164 2873 1233 2919 inani

149 2939 278 2998 sapientiae
296 2953 361 3000 suae,
378 2941 439 3007 dicit
455 2936 560 3000 justitiae
575 2957 635 2992 sure.
651 2944 680 2990 Et
704 2943 875 3002 suspenditur,
888 2944 929 2990 vel
940 2943 1049 3002 pondere
1059 2942 1149 2989 librato
1159 2943 1233 2988 undi-

150 3006 211 3053 iaeit
229 3008 308 3054 Filius
325 3010 394 3068 quasi
413 3011 512 3070 potens,
532 3012 590 3060 tacit
610 3013 680 3072 quasi
704 3023 752 3070 que
764 3012 897 3060 immobilis
909 3011 1115 3072 perseverat3ita
1133 3012 1159 3058 et
1170 3023 1233 3070 aqua

150 3075 235 3122 virtus
250 3077 310 3134 Dei,
322 3077 381 3125 tacit
397 3079 467 3138 quasi
485 3081 607 3141 sapientia
619 3083 679 3140 Dei,
704 3081 747 3126 aut
762 3080 915 3138 gravioribus
934 3080 977 3127 aut
993 3081 1071 3140 aequis
1089 3092 1146 3127 cum
1167 3081 1233 3126 terra

151 3144 212 3192 tacit
232 3147 301 3205 quasi
317 3146 416 3205 justitia
435 3149 528 3196 diviua.
548 3152 608 3198 Cum
627 3150 680 3199 haec
704 3149 853 3207 ponderibus
877 3149 1040 3200 examinatur.
1057 3148 1163 3208 ideoque
1184 3160 1235 3194 non

151 3213 237 3271 audis,
248 3215 309 3277 quid
319 3212 416 3262 miraris
426 3216 447 3263 si
458 3230 532 3278 supra
542 3219 681 3266 firmamen-
705 3216 778 3262 facile
797 3216 986 3275 superfunditur
1004 3229 1071 3264 mare
1082 3217 1168 3275 terris,
1184 3214 1233 3262 uisi

149 3281 206 3327 tum
218 3281 273 3326 eceli
283 3283 363 3342 potuit
381 3283 456 3331 tantae
473 3284 681 3345 majestatis-ope
705 3297 760 3330 cum
770 3283 872 3341 iubetur
884 3286 962 3332 exire.

148 3347 248 3395 ratione
259 3350 323 3396 unda
335 3351 467 3410 suspendi?
736 3354 773 3398 tt.
793 3354 890 3400 Deinde
913 3367 969 3400 eum
990 3353 1038 3413 ipsi
1060 3354 1143 3400 dicant
1166 3352 1234 3400 volvi

181 3417 220 3462 tt.
236 3418 272 3464 De
287 3419 345 3466 aliis
359 3419 411 3466 baec
424 3419 525 3480 collige,
537 3421 568 3468 de
586 3422 617 3469 iis
627 3435 681 3482 quae
705 3421 791 3466 orbern
814 3422 871 3467 coeli
892 3423 970 3468 stellis
992 3422 1136 3468 ardentibus
1156 3420 1235 3468 retul-

150 3483 271 3531 riderunt
283 3485 348 3533 oculi
363 3487 504 3547 hominum,
520 3489 640 3547 quomodo
652 3490 682 3535 ad
705 3488 821 3546 gentem,
831 3501 914 3534 nonue
925 3489 1010 3535 divina
1023 3488 1180 3547 providentia
1190 3503 1236 3537 ne·
1308 3541 1312 3549 ,

150 3551 292 3599 ludaeorum
302 3555 444 3613 transitum,
457 3554 606 3602 strationem
617 3570 682 3615 aquae·
706 3557 812 3612 cessario
834 3551 976 3615 prosperii,
1000 3558 1027 3604 ut
1057 3558 1122 3606 intra
1149 3561 1235 3607 orbem

151 3619 200 3676 ris,
218 3632 245 3666 se
256 3623 322 3669 unda
341 3622 463 3671 diviserit.
480 3624 532 3670 Non
554 3624 617 3671 solet
636 3624 681 3671 boc
706 3624 813 3681 coeli,et
822 3636 895 3684 supra
907 3626 992 3673 orbern
1002 3626 1152 3687 redundaret
1161 3642 1234 3690 aqua,

151 3699 206 3734 esse
225 3688 333 3749 naturae,
344 3693 373 3738 ut
391 3704 455 3752 aqua
470 3705 497 3739 se
515 3693 640 3740 discernat
651 3694 681 3739 ab
706 3707 760 3753 quae
771 3692 813 3739 iila
825 3693 944 3742 terrentis
952 3696 1006 3743 axis
1016 3697 1131 3745 incendia
1141 3701 1236 3758 tempe·

152 3767 230 3814 aqua,
256 3759 282 3805 et
295 3763 296 3767 ’
308 3759 334 3804 in
357 3759 479 3819 profundo
508 3761 682 3810 interfusiones
706 3761 787 3810 rareti
797 3764 930 3822 Propterea
940 3767 997 3826 quia
1009 3766 1119 3814 exundat
1131 3767 1195 3826 ignis
1210 3769 1236 3815 et

149 3834 272 3881 aquarum
288 3826 360 3874 terrae
371 3828 453 3875 medio
469 3832 621 3889 separentur.
634 3834 682 3879 Ge-
706 3832 800 3893 torret,
810 3834 885 3881 etiam
898 3847 960 3894 aqua
969 3836 1104 3882 exundavit
1115 3836 1140 3882 in
1152 3837 1234 3894 torris,

149 3890 267 3969 taverunt
283 3895 351 3940 euim
368 3896 473 3956 fluetus,
491 3900 517 3945 et
534 3898 681 3947 firmamenti
706 3915 738 3949 ne
750 3914 792 3949 eas
803 3903 927 3962 surgentis
941 3904 998 3950 solis
1012 3904 1038 3951 et
1050 3905 1177 3950 stellarum
1187 3903 1236 3948 rni-

148 3970 236 4017 specre
247 3973 346 4010 cursum
362 3977 434 4011 suurn
450 3965 548 4014 insolito
565 3968 614 4016 fine
626 3969 683 4016 trae·
706 3972 815 4018 cantium
826 3972 897 4017 ardor
908 3971 1040 4030 exureret,
1055 3971 1080 4018 et
1091 3973 1176 4016 tenera
1194 3980 1235 4014 re-

150 4027 252 4074 narunt.
266 4029 352 4077 Nonne
369 4032 451 4091 potuit
462 4034 537 4079 etiam
550 4036 622 4082 aliter
632 4038 682 4082 ite·
706 4051 761 4084 rum
778 4039 880 4085 exordia
902 4038 1013 4086 insolitus
1030 4049 1107 4095 vapor
1124 4035 1235 4083 laederet.

151 4091 247 4140 braeurn
258 4098 378 4156 populum
393 4098 509 4145 liberare.
520 4099 567 4145 Sed
582 4101 628 4146 tibi
640 4115 683 4149 vo·
708 4104 798 4161 Quanti
819 4095 912 4162 tontes,
930 4104 1017 4160 tiurii,
1037 4103 1119 4158 iacus,
1135 4101 1237 4162 irrigant

1112 4173 1134 4214 2.
