<?xml version="1.0" encoding="UTF-8"?>
<!DOCTYPE html PUBLIC "-//W3C//DTD XHTML 1.0 Transitional//EN"
    "http://www.w3.org/TR/xhtml1/DTD/xhtml1-transitional.dtd">
<html xmlns="http://www.w3.org/1999/xhtml" xml:lang="en" lang="en">
 <head>
  <title>
</title>
<meta http-equiv="Content-Type" content="text/html;charset=utf-8" />
  <meta name='ocr-system' content='tesseract 3.04.00' />
  <meta name='ocr-capabilities' content='ocr_page ocr_carea ocr_par ocr_line ocrx_word'/>
</head>
<body>
  <div class='ocr_page' id='page_1' title='image "./operaomnia02ambrgoog/operaomnia02ambrgoog_0099.png"; bbox 0 0 2752 4806; ppageno 0'>
   <div class='ocr_carea' id='block_1_1' title="bbox 145 404 860 456">
    <p class='ocr_par' dir='ltr' id='par_1_1' title="bbox 145 404 860 456">
     <span class='ocr_line' id='line_1_1' title="bbox 145 404 860 456; baseline 0.004 -3"><span class='ocrx_word' id='word_1_1' title='bbox 145 404 177 453; x_wconf 79' lang='lat' dir='ltr'><strong>td</strong></span> <span class='ocrx_word' id='word_1_2' title='bbox 204 451 207 456; x_wconf 93' lang='grc'>,</span> <span class='ocrx_word' id='word_1_3' title='bbox 537 410 667 455; x_wconf 74' lang='lat' dir='ltr'><strong>sinent</strong></span> <span class='ocrx_word' id='word_1_4' title='bbox 685 410 860 456; x_wconf 79' lang='lat' dir='ltr'><strong>nilnnosll</strong></span> 
     </span>
    </p>
   </div>
   <div class='ocr_carea' id='block_1_2' title="bbox 144 484 1228 1570">
    <p class='ocr_par' dir='ltr' id='par_1_2' title="bbox 146 484 1228 620">
     <span class='ocr_line' id='line_1_2' title="bbox 146 484 1228 551; baseline -0.003 -14"><span class='ocrx_word' id='word_1_5' title='bbox 146 501 215 538; x_wconf 82' lang='lat' dir='ltr'><strong>inum</strong></span> <span class='ocrx_word' id='word_1_6' title='bbox 230 490 318 539; x_wconf 87' lang='lat' dir='ltr'><strong>timere</strong></span> <span class='ocrx_word' id='word_1_7' title='bbox 328 504 335 536; x_wconf 75' lang='grc' dir='ltr'><strong>ε</strong></span> <span class='ocrx_word' id='word_1_8' title='bbox 346 501 395 539; x_wconf 89' lang='lat' dir='ltr'><strong>non</strong></span> <span class='ocrx_word' id='word_1_9' title='bbox 410 487 514 550; x_wconf 89' lang='lat' dir='ltr'><strong>occidit,</strong></span> <span class='ocrx_word' id='word_1_10' title='bbox 527 492 570 539; x_wconf 88' lang='lat' dir='ltr'><strong>scd</strong></span> <span class='ocrx_word' id='word_1_11' title='bbox 585 505 671 540; x_wconf 85' lang='lat' dir='ltr'><strong>conse·</strong></span> <span class='ocrx_word' id='word_1_12' title='bbox 697 504 784 551; x_wconf 82' lang='lat' dir='ltr'>rupem</span> <span class='ocrx_word' id='word_1_13' title='bbox 804 492 888 539; x_wconf 87' lang='lat' dir='ltr'><strong>furens</strong></span> <span class='ocrx_word' id='word_1_14' title='bbox 903 489 975 539; x_wconf 65' lang='lat' dir='ltr'><strong>estus</strong></span> <span class='ocrx_word' id='word_1_15' title='bbox 993 487 1083 539; x_wconf 84' lang='lat' dir='ltr'><strong>illidat.</strong></span> <span class='ocrx_word' id='word_1_16' title='bbox 1102 484 1228 550; x_wconf 82' lang='lat' dir='ltr'><strong>Scriptum</strong></span> 
     </span>
     <span class='ocr_line' id='line_1_3' title="bbox 147 558 1205 620; baseline 0.001 -16"><span class='ocrx_word' id='word_1_17' title='bbox 147 560 207 605; x_wconf 81' lang='lat' dir='ltr'><strong>crat.</strong></span> <span class='ocrx_word' id='word_1_18' title='bbox 224 558 279 605; x_wconf 83' lang='lat' dir='ltr'><strong>Noli</strong></span> <span class='ocrx_word' id='word_1_19' title='bbox 290 559 360 619; x_wconf 85' lang='lat' dir='ltr'><strong>quasi</strong></span> <span class='ocrx_word' id='word_1_20' title='bbox 375 558 451 606; x_wconf 85' lang='lat' dir='ltr'><strong>vilem</strong></span> <span class='ocrx_word' id='word_1_21' title='bbox 461 559 487 605; x_wconf 90' lang='lat' dir='ltr'><strong>te</strong></span> <span class='ocrx_word' id='word_1_22' title='bbox 497 559 670 616; x_wconf 78' lang='lat' dir='ltr'><strong>contemnere,</strong></span> <span class='ocrx_word' id='word_1_23' title='bbox 697 563 735 607; x_wconf 89' lang='lat' dir='ltr'><strong>est</strong></span> <span class='ocrx_word' id='word_1_24' title='bbox 745 562 812 608; x_wconf 90' lang='lat' dir='ltr'><strong>enim</strong></span> <span class='ocrx_word' id='word_1_25' title='bbox 822 573 828 606; x_wconf 77' lang='grc' dir='ltr'><strong>ε</strong></span> <span class='ocrx_word' id='word_1_26' title='bbox 840 563 920 608; x_wconf 72' lang='lat' dir='ltr'><strong>Estote</strong></span> <span class='ocrx_word' id='word_1_27' title='bbox 930 561 1002 608; x_wconf 74' lang='lat' dir='ltr'><strong>minti</strong></span> <span class='ocrx_word' id='word_1_28' title='bbox 1009 562 1068 607; x_wconf 69' lang='lat' dir='ltr'><strong>ment</strong></span> <span class='ocrx_word' id='word_1_29' title='bbox 1078 563 1205 620; x_wconf 66' lang='lat' dir='ltr'><strong>serpentes</strong></span> 
     </span>
    </p>

    <p class='ocr_par' dir='ltr' id='par_1_3' title="bbox 144 625 1228 1570">
     <span class='ocr_line' id='line_1_4' title="bbox 146 625 1228 688; baseline -0.001 -15"><span class='ocrx_word' id='word_1_30' title='bbox 146 626 204 684; x_wconf 84' lang='lat' dir='ltr'><strong>quia</strong></span> <span class='ocrx_word' id='word_1_31' title='bbox 214 627 285 674; x_wconf 82' lang='lat' dir='ltr'><strong>uides</strong></span> <span class='ocrx_word' id='word_1_32' title='bbox 295 640 382 687; x_wconf 90' lang='lat' dir='ltr'><strong>corpus</strong></span> <span class='ocrx_word' id='word_1_33' title='bbox 401 628 524 673; x_wconf 85' lang='lat' dir='ltr'><strong>infirmum</strong></span> <span class='ocrx_word' id='word_1_34' title='bbox 539 627 632 673; x_wconf 85' lang='lat' dir='ltr'><strong>:habes</strong></span> <span class='ocrx_word' id='word_1_35' title='bbox 644 627 670 672; x_wconf 91' lang='lat' dir='ltr'><strong>iu</strong></span> <span class='ocrx_word' id='word_1_36' title='bbox 728 629 766 676; x_wconf 74' lang='lat'><strong>¹8.</strong></span> <span class='ocrx_word' id='word_1_37' title='bbox 774 630 804 676; x_wconf 85' lang='lat' dir='ltr'><strong>lit</strong></span> <span class='ocrx_word' id='word_1_38' title='bbox 811 630 869 688; x_wconf 90' lang='lat' dir='ltr'><strong>quia</strong></span> <span class='ocrx_word' id='word_1_39' title='bbox 876 629 907 676; x_wconf 90' lang='lat' dir='ltr'><strong>de</strong></span> <span class='ocrx_word' id='word_1_40' title='bbox 916 627 1071 687; x_wconf 79' lang='lat' dir='ltr'><strong>serpentibus</strong></span> <span class='ocrx_word' id='word_1_41' title='bbox 1079 625 1228 684; x_wconf 86' lang='lat' dir='ltr'><strong>astutispro·</strong></span> 
     </span>
     <span class='ocr_line' id='line_1_5' title="bbox 146 693 1227 757; baseline 0 -17"><span class='ocrx_word' id='word_1_42' title='bbox 146 706 188 754; x_wconf 85' lang='lat' dir='ltr'><strong>ore</strong></span> <span class='ocrx_word' id='word_1_43' title='bbox 199 697 241 742; x_wconf 88' lang='lat' dir='ltr'><strong>tuo</strong></span> <span class='ocrx_word' id='word_1_44' title='bbox 251 696 478 757; x_wconf 83' lang='lat' dir='ltr'><strong>quodetprol’ctro</strong></span> <span class='ocrx_word' id='word_1_45' title='bbox 489 697 515 742; x_wconf 88' lang='lat' dir='ltr'><strong>et</strong></span> <span class='ocrx_word' id='word_1_46' title='bbox 525 708 569 756; x_wconf 90' lang='lat' dir='ltr'><strong>pro</strong></span> <span class='ocrx_word' id='word_1_47' title='bbox 577 695 672 742; x_wconf 80' lang='lat' dir='ltr'><strong>Christo</strong></span> <span class='ocrx_word' id='word_1_48' title='bbox 697 697 802 754; x_wconf 87' lang='lat' dir='ltr'><strong>positum</strong></span> <span class='ocrx_word' id='word_1_49' title='bbox 821 696 965 755; x_wconf 86' lang='lat' dir='ltr'><strong>exemplum</strong></span> <span class='ocrx_word' id='word_1_50' title='bbox 985 696 1035 753; x_wconf 88' lang='lat' dir='ltr'><strong>est,</strong></span> <span class='ocrx_word' id='word_1_51' title='bbox 1056 695 1135 742; x_wconf 86' lang='lat' dir='ltr'><strong>simus</strong></span> <span class='ocrx_word' id='word_1_52' title='bbox 1154 693 1227 740; x_wconf 85' lang='lat' dir='ltr'><strong>astuti</strong></span> 
     </span>
     <span class='ocr_line' id='line_1_6' title="bbox 145 759 1227 823; baseline -0.002 -15"><span class='ocrx_word' id='word_1_53' title='bbox 145 763 241 812; x_wconf 84' lang='lat' dir='ltr'><strong>offeras.</strong></span> <span class='ocrx_word' id='word_1_54' title='bbox 252 765 474 813; x_wconf 79' lang='lat' dir='ltr'><strong>Nolitimerel’etri</strong></span> <span class='ocrx_word' id='word_1_55' title='bbox 484 764 556 821; x_wconf 88' lang='lat' dir='ltr'><strong>retia,</strong></span> <span class='ocrx_word' id='word_1_56' title='bbox 565 764 672 811; x_wconf 88' lang='lat' dir='ltr'><strong>cuidiclt</strong></span> <span class='ocrx_word' id='word_1_57' title='bbox 697 763 763 810; x_wconf 88' lang='lat' dir='ltr'><strong>circa</strong></span> <span class='ocrx_word' id='word_1_58' title='bbox 780 764 912 823; x_wconf 82' lang='lat' dir='ltr'><strong>quaerenda</strong></span> <span class='ocrx_word' id='word_1_59' title='bbox 929 761 1085 810; x_wconf 85' lang='lat' dir='ltr'><strong>etserranda</strong></span> <span class='ocrx_word' id='word_1_60' title='bbox 1101 759 1227 819; x_wconf 81' lang='lat' dir='ltr'><strong>conjugia,</strong></span> 
     </span>
     <span class='ocr_line' id='line_1_7' title="bbox 144 827 1227 891; baseline -0.004 -14"><span class='ocrx_word' id='word_1_61' title='bbox 144 831 234 880; x_wconf 80' lang='lat' dir='ltr'><strong>lesus:</strong></span> <span class='ocrx_word' id='word_1_62' title='bbox 251 837 300 881; x_wconf 76' lang='lat' dir='ltr'><strong>linc</strong></span> <span class='ocrx_word' id='word_1_63' title='bbox 318 836 344 881; x_wconf 81' lang='lat' dir='ltr'><strong>in</strong></span> <span class='ocrx_word' id='word_1_64' title='bbox 358 835 448 891; x_wconf 69' lang='lat' dir='ltr'><strong>mlum,</strong></span> <span class='ocrx_word' id='word_1_65' title='bbox 463 837 485 880; x_wconf 82' lang='lat' dir='ltr'><strong>et</strong></span> <span class='ocrx_word' id='word_1_66' title='bbox 500 834 583 880; x_wconf 77' lang='lat' dir='ltr'><strong>laxato</strong></span> <span class='ocrx_word' id='word_1_67' title='bbox 602 835 671 878; x_wconf 81' lang='lat' dir='ltr'><strong>retia.</strong></span> <span class='ocrx_word' id='word_1_68' title='bbox 696 832 826 891; x_wconf 89' lang='lat' dir='ltr'><strong>diligamns</strong></span> <span class='ocrx_word' id='word_1_69' title='bbox 836 832 928 879; x_wconf 88' lang='lat' dir='ltr'><strong>tributa</strong></span> <span class='ocrx_word' id='word_1_70' title='bbox 937 831 1007 878; x_wconf 91' lang='lat' dir='ltr'><strong>nobis</strong></span> <span class='ocrx_word' id='word_1_71' title='bbox 1019 829 1151 878; x_wconf 85' lang='lat' dir='ltr'><strong>consortia.</strong></span> <span class='ocrx_word' id='word_1_72' title='bbox 1164 827 1227 874; x_wconf 83' lang='lat' dir='ltr'><strong>Etsi</strong></span> 
     </span>
     <span class='ocr_line' id='line_1_8' title="bbox 144 898 1228 960; baseline 0 -15"><span class='ocrx_word' id='word_1_73' title='bbox 144 899 197 948; x_wconf 87' lang='lat' dir='ltr'><strong>lton</strong></span> <span class='ocrx_word' id='word_1_74' title='bbox 207 900 274 948; x_wconf 88' lang='lat' dir='ltr'><strong>enim</strong></span> <span class='ocrx_word' id='word_1_75' title='bbox 291 901 318 948; x_wconf 91' lang='lat' dir='ltr'><strong>in</strong></span> <span class='ocrx_word' id='word_1_76' title='bbox 333 901 457 949; x_wconf 83' lang='lat' dir='ltr'><strong>sinistram</strong></span> <span class='ocrx_word' id='word_1_77' title='bbox 474 901 570 959; x_wconf 89' lang='lat' dir='ltr'><strong>partem</strong></span> <span class='ocrx_word' id='word_1_78' title='bbox 581 899 672 958; x_wconf 89' lang='lat' dir='ltr'><strong>mittit,</strong></span> <span class='ocrx_word' id='word_1_79' title='bbox 697 901 715 946; x_wconf 90' lang='lat' dir='ltr'><strong>ii</strong></span> <span class='ocrx_word' id='word_1_80' title='bbox 727 903 770 960; x_wconf 88' lang='lat' dir='ltr'><strong>qui</strong></span> <span class='ocrx_word' id='word_1_81' title='bbox 780 901 921 960; x_wconf 77' lang='lat' dir='ltr'><strong>longinquis</strong></span> <span class='ocrx_word' id='word_1_82' title='bbox 928 899 1025 947; x_wconf 87' lang='lat' dir='ltr'><strong>fuerant</strong></span> <span class='ocrx_word' id='word_1_83' title='bbox 1035 901 1104 946; x_wconf 89' lang='lat' dir='ltr'><strong>ortus</strong></span> <span class='ocrx_word' id='word_1_84' title='bbox 1115 898 1155 945; x_wconf 92' lang='lat' dir='ltr'><strong>sui</strong></span> <span class='ocrx_word' id='word_1_85' title='bbox 1166 899 1228 945; x_wconf 84' lang='lat' dir='ltr'><strong>tem·</strong></span> 
     </span>
     <span class='ocr_line' id='line_1_9' title="bbox 144 968 1228 1028; baseline -0.005 -12"><span class='ocrx_word' id='word_1_86' title='bbox 144 969 188 1016; x_wconf 86' lang='lat' dir='ltr'><strong>sed</strong></span> <span class='ocrx_word' id='word_1_87' title='bbox 198 969 225 1015; x_wconf 89' lang='lat' dir='ltr'><strong>in</strong></span> <span class='ocrx_word' id='word_1_88' title='bbox 234 970 376 1028; x_wconf 82' lang='lat' dir='ltr'><strong>dexteram,</strong></span> <span class='ocrx_word' id='word_1_89' title='bbox 388 969 452 1016; x_wconf 90' lang='lat' dir='ltr'><strong>sicut</strong></span> <span class='ocrx_word' id='word_1_90' title='bbox 465 968 568 1026; x_wconf 84' lang='lat' dir='ltr'><strong>iussusa</strong></span> <span class='ocrx_word' id='word_1_91' title='bbox 579 968 672 1014; x_wconf 81' lang='lat' dir='ltr'><strong>Christo</strong></span> <span class='ocrx_word' id='word_1_92' title='bbox 697 980 756 1025; x_wconf 89' lang='lat' dir='ltr'><strong>pore</strong></span> <span class='ocrx_word' id='word_1_93' title='bbox 764 969 905 1026; x_wconf 87' lang='lat' dir='ltr'><strong>regionibns</strong></span> <span class='ocrx_word' id='word_1_94' title='bbox 912 968 1017 1027; x_wconf 84' lang='lat' dir='ltr'><strong>separati</strong></span> <span class='ocrx_word' id='word_1_95' title='bbox 1026 968 1093 1014; x_wconf 86' lang='lat' dir='ltr'><strong>inter</strong></span> <span class='ocrx_word' id='word_1_96' title='bbox 1100 979 1129 1014; x_wconf 89' lang='lat' dir='ltr'><strong>se</strong></span> <span class='ocrx_word' id='word_1_97' title='bbox 1139 977 1228 1013; x_wconf 78' lang='lat' dir='ltr'><strong>conve·</strong></span> 
     </span>
     <span class='ocr_line' id='line_1_10' title="bbox 145 1032 1228 1098; baseline -0.006 -12"><span class='ocrx_word' id='word_1_98' title='bbox 145 1040 192 1086; x_wconf 88' lang='lat' dir='ltr'><strong>est.</strong></span> <span class='ocrx_word' id='word_1_99' title='bbox 208 1041 263 1087; x_wconf 81' lang='lat' dir='ltr'><strong>Noli</strong></span> <span class='ocrx_word' id='word_1_100' title='bbox 279 1041 369 1088; x_wconf 89' lang='lat' dir='ltr'><strong>timere</strong></span> <span class='ocrx_word' id='word_1_101' title='bbox 380 1041 461 1087; x_wconf 89' lang='lat' dir='ltr'><strong>sinum</strong></span> <span class='ocrx_word' id='word_1_102' title='bbox 474 1039 542 1097; x_wconf 83' lang='lat' dir='ltr'><strong>ejus,</strong></span> <span class='ocrx_word' id='word_1_103' title='bbox 552 1039 611 1098; x_wconf 88' lang='lat' dir='ltr'><strong>quia</strong></span> <span class='ocrx_word' id='word_1_104' title='bbox 620 1039 673 1084; x_wconf 90' lang='lat' dir='ltr'><strong>dic-</strong></span> <span class='ocrx_word' id='word_1_105' title='bbox 696 1036 792 1094; x_wconf 91' lang='lat' dir='ltr'><strong>nerint,</strong></span> <span class='ocrx_word' id='word_1_106' title='bbox 804 1037 857 1083; x_wconf 89' lang='lat' dir='ltr'><strong>etsi</strong></span> <span class='ocrx_word' id='word_1_107' title='bbox 865 1037 905 1082; x_wconf 78' lang='lat' dir='ltr'><strong>vir</strong></span> <span class='ocrx_word' id='word_1_108' title='bbox 915 1037 946 1082; x_wconf 93' lang='lat' dir='ltr'><strong>ad</strong></span> <span class='ocrx_word' id='word_1_109' title='bbox 953 1036 1083 1095; x_wconf 87' lang='lat' dir='ltr'><strong>peregrina</strong></span> <span class='ocrx_word' id='word_1_110' title='bbox 1094 1032 1228 1081; x_wconf 57' lang='lat' dir='ltr'><strong>contende-</strong></span> 
     </span>
     <span class='ocr_line' id='line_1_11' title="bbox 144 1100 1227 1164; baseline -0.004 -12"><span class='ocrx_word' id='word_1_111' title='bbox 144 1107 278 1156; x_wconf 88' lang='lat' dir='ltr'><strong>tumestci</strong></span> <span class='ocrx_word' id='word_1_112' title='bbox 289 1121 296 1154; x_wconf 77' lang='lat' dir='ltr'><strong>c</strong></span> <span class='ocrx_word' id='word_1_113' title='bbox 307 1109 401 1156; x_wconf 74' lang='lat' dir='ltr'><strong>tichos</strong></span> <span class='ocrx_word' id='word_1_114' title='bbox 418 1111 463 1154; x_wconf 81' lang='lat' dir='ltr'><strong>eris</strong></span> <span class='ocrx_word' id='word_1_115' title='bbox 481 1107 584 1154; x_wconf 74' lang='lat' dir='ltr'><strong>domim</strong></span> <span class='ocrx_word' id='word_1_116' title='bbox 600 1107 673 1164; x_wconf 65' lang='lat' dir='ltr'><strong>vivifi-</strong></span> <span class='ocrx_word' id='word_1_117' title='bbox 697 1104 743 1161; x_wconf 89' lang='lat' dir='ltr'><strong>rit,</strong></span> <span class='ocrx_word' id='word_1_118' title='bbox 754 1105 823 1149; x_wconf 91' lang='lat' dir='ltr'><strong>nulla</strong></span> <span class='ocrx_word' id='word_1_119' title='bbox 834 1103 1012 1163; x_wconf 74' lang='lat' dir='ltr'><strong>longinquitas,</strong></span> <span class='ocrx_word' id='word_1_120' title='bbox 1030 1103 1100 1149; x_wconf 87' lang='lat' dir='ltr'><strong>nulla</strong></span> <span class='ocrx_word' id='word_1_121' title='bbox 1118 1100 1227 1149; x_wconf 81' lang='lat' dir='ltr'><strong>absentia</strong></span> 
     </span>
     <span class='ocr_line' id='line_1_12' title="bbox 145 1170 1228 1234; baseline -0.006 -11"><span class='ocrx_word' id='word_1_122' title='bbox 145 1190 210 1224; x_wconf 78' lang='lat' dir='ltr'><strong>cuns.</strong></span> <span class='ocrx_word' id='word_1_123' title='bbox 221 1178 278 1224; x_wconf 90' lang='lat' dir='ltr'><strong>ldeo</strong></span> <span class='ocrx_word' id='word_1_124' title='bbox 289 1178 357 1223; x_wconf 85' lang='lat' dir='ltr'><strong>misit</strong></span> <span class='ocrx_word' id='word_1_125' title='bbox 366 1177 439 1234; x_wconf 82' lang='lat' dir='ltr'><strong>retia,</strong></span> <span class='ocrx_word' id='word_1_126' title='bbox 450 1176 476 1222; x_wconf 84' lang='lat' dir='ltr'><strong>et</strong></span> <span class='ocrx_word' id='word_1_127' title='bbox 483 1176 627 1234; x_wconf 83' lang='lat' dir='ltr'><strong>complexus</strong></span> <span class='ocrx_word' id='word_1_128' title='bbox 636 1175 673 1220; x_wconf 90' lang='lat' dir='ltr'><strong>est</strong></span> <span class='ocrx_word' id='word_1_129' title='bbox 697 1173 866 1232; x_wconf 81' lang='lat' dir='ltr'><strong>complacitam</strong></span> <span class='ocrx_word' id='word_1_130' title='bbox 876 1172 972 1219; x_wconf 88' lang='lat' dir='ltr'><strong>minuat</strong></span> <span class='ocrx_word' id='word_1_131' title='bbox 987 1172 1126 1218; x_wconf 86' lang='lat' dir='ltr'><strong>caritatem.</strong></span> <span class='ocrx_word' id='word_1_132' title='bbox 1138 1170 1228 1218; x_wconf 82' lang='lat' dir='ltr'><strong>Eadem</strong></span> 
     </span>
     <span class='ocr_line' id='line_1_13' title="bbox 145 1238 1226 1303; baseline -0.006 -14"><span class='ocrx_word' id='word_1_133' title='bbox 145 1243 311 1302; x_wconf 85' lang='lat' dir='ltr'><strong>Stephanum,</strong></span> <span class='ocrx_word' id='word_1_134' title='bbox 322 1245 364 1303; x_wconf 93' lang='lat' dir='ltr'><strong>qui</strong></span> <span class='ocrx_word' id='word_1_135' title='bbox 381 1245 412 1290; x_wconf 92' lang='lat' dir='ltr'><strong>de</strong></span> <span class='ocrx_word' id='word_1_136' title='bbox 431 1243 563 1301; x_wconf 82' lang='lat' dir='ltr'><strong>Evangelio</strong></span> <span class='ocrx_word' id='word_1_137' title='bbox 580 1242 673 1300; x_wconf 91' lang='lat' dir='ltr'><strong>primus</strong></span> <span class='ocrx_word' id='word_1_138' title='bbox 697 1240 740 1285; x_wconf 83' lang='lat' dir='ltr'><strong>lex</strong></span> <span class='ocrx_word' id='word_1_139' title='bbox 756 1240 888 1298; x_wconf 73' lang='lat' dir='ltr'><strong>presentes</strong></span> <span class='ocrx_word' id='word_1_140' title='bbox 905 1240 1068 1298; x_wconf 84' lang='lat' dir='ltr'><strong>absentesque</strong></span> <span class='ocrx_word' id='word_1_141' title='bbox 1086 1238 1226 1286; x_wconf 86' lang='lat' dir='ltr'><strong>connectit:</strong></span> 
     </span>
     <span class='ocr_line' id='line_1_14' title="bbox 146 1306 1227 1358; baseline -0.002 -2"><span class='ocrx_word' id='word_1_142' title='bbox 146 1312 258 1358; x_wconf 87' lang='lat' dir='ltr'><strong>ascendit</strong></span> <span class='ocrx_word' id='word_1_143' title='bbox 276 1311 370 1358; x_wconf 88' lang='lat' dir='ltr'><strong>habens</strong></span> <span class='ocrx_word' id='word_1_144' title='bbox 385 1312 414 1356; x_wconf 88' lang='lat' dir='ltr'><strong>in</strong></span> <span class='ocrx_word' id='word_1_145' title='bbox 432 1323 474 1358; x_wconf 89' lang='lat' dir='ltr'><strong>ore</strong></span> <span class='ocrx_word' id='word_1_146' title='bbox 492 1323 537 1357; x_wconf 92' lang='lat' dir='ltr'><strong>suo</strong></span> <span class='ocrx_word' id='word_1_147' title='bbox 557 1311 672 1357; x_wconf 83' lang='lat' dir='ltr'><strong>staterem</strong></span> <span class='ocrx_word' id='word_1_148' title='bbox 698 1306 764 1353; x_wconf 86' lang='lat' dir='ltr'><strong>idem</strong></span> <span class='ocrx_word' id='word_1_149' title='bbox 774 1309 868 1355; x_wconf 81' lang='lat' dir='ltr'><strong>naturae</strong></span> <span class='ocrx_word' id='word_1_150' title='bbox 883 1308 1011 1354; x_wconf 80' lang='lat' dir='ltr'><strong>vinculum</strong></span> <span class='ocrx_word' id='word_1_151' title='bbox 1028 1308 1096 1355; x_wconf 91' lang='lat' dir='ltr'><strong>inter</strong></span> <span class='ocrx_word' id='word_1_152' title='bbox 1111 1308 1227 1355; x_wconf 70' lang='lat' dir='ltr'><strong>insontes</strong></span> 
     </span>
     <span class='ocr_line' id='line_1_15' title="bbox 144 1374 1227 1436; baseline -0.005 -9"><span class='ocrx_word' id='word_1_153' title='bbox 144 1378 254 1436; x_wconf 81' lang='lat' dir='ltr'><strong>iustitiae.</strong></span> <span class='ocrx_word' id='word_1_154' title='bbox 262 1381 332 1428; x_wconf 85' lang='lat' dir='ltr'><strong>Unde</strong></span> <span class='ocrx_word' id='word_1_155' title='bbox 340 1379 491 1426; x_wconf 88' lang='lat' dir='ltr'><strong>confessione</strong></span> <span class='ocrx_word' id='word_1_156' title='bbox 498 1378 617 1425; x_wconf 84' lang='lat' dir='ltr'><strong>constanti</strong></span> <span class='ocrx_word' id='word_1_157' title='bbox 625 1378 674 1424; x_wconf 84' lang='lat' dir='ltr'><strong>ela·</strong></span> <span class='ocrx_word' id='word_1_158' title='bbox 698 1377 723 1421; x_wconf 87' lang='lat' dir='ltr'><strong>et</strong></span> <span class='ocrx_word' id='word_1_159' title='bbox 733 1377 894 1422; x_wconf 83' lang='lat' dir='ltr'><strong>consistentes</strong></span> <span class='ocrx_word' id='word_1_160' title='bbox 909 1374 1043 1434; x_wconf 79' lang='lat' dir='ltr'><strong>coniugalis</strong></span> <span class='ocrx_word' id='word_1_161' title='bbox 1054 1375 1164 1423; x_wconf 85' lang='lat' dir='ltr'><strong>caritatis</strong></span> <span class='ocrx_word' id='word_1_162' title='bbox 1173 1375 1227 1433; x_wconf 80' lang='lat' dir='ltr'><strong>iura</strong></span> 
     </span>
     <span class='ocr_line' id='line_1_16' title="bbox 146 1443 1226 1505; baseline -0.002 -12"><span class='ocrx_word' id='word_1_163' title='bbox 146 1449 225 1494; x_wconf 83' lang='lat' dir='ltr'><strong>mavit</strong></span> <span class='ocrx_word' id='word_1_164' title='bbox 233 1449 317 1495; x_wconf 89' lang='lat' dir='ltr'><strong>dicens</strong></span> <span class='ocrx_word' id='word_1_165' title='bbox 328 1460 335 1493; x_wconf 74' lang='grc' dir='ltr'><strong><em>τ</em></strong></span> <span class='ocrx_word' id='word_1_166' title='bbox 347 1451 407 1496; x_wconf 79' lang='lat' dir='ltr'><strong>Ecce</strong></span> <span class='ocrx_word' id='word_1_167' title='bbox 413 1449 478 1494; x_wconf 79' lang='lat' dir='ltr'><strong>video</strong></span> <span class='ocrx_word' id='word_1_168' title='bbox 486 1448 553 1494; x_wconf 87' lang='lat' dir='ltr'><strong>coelos</strong></span> <span class='ocrx_word' id='word_1_169' title='bbox 568 1448 673 1505; x_wconf 80' lang='lat' dir='ltr'><strong>opertos,</strong></span> <span class='ocrx_word' id='word_1_170' title='bbox 698 1443 863 1490; x_wconf 77' lang='lat' dir='ltr'><strong>constrinxit:</strong></span> <span class='ocrx_word' id='word_1_171' title='bbox 877 1443 963 1491; x_wconf 85' lang='lat' dir='ltr'><strong>eodem</strong></span> <span class='ocrx_word' id='word_1_172' title='bbox 972 1444 1031 1502; x_wconf 76' lang='lat' dir='ltr'><strong>iugo</strong></span> <span class='ocrx_word' id='word_1_173' title='bbox 1046 1443 1226 1492; x_wconf 80' lang='lat' dir='ltr'><strong>benedictionis</strong></span> 
     </span>
     <span class='ocr_line' id='line_1_17' title="bbox 146 1511 1227 1570; baseline -0.004 -8"><span class='ocrx_word' id='word_1_174' title='bbox 146 1520 168 1563; x_wconf 79' lang='lat' dir='ltr'><strong>et</strong></span> <span class='ocrx_word' id='word_1_175' title='bbox 178 1519 264 1564; x_wconf 80' lang='lat' dir='ltr'><strong>Filium</strong></span> <span class='ocrx_word' id='word_1_176' title='bbox 279 1517 378 1564; x_wconf 78' lang='lat' dir='ltr'><strong>bominis</strong></span> <span class='ocrx_word' id='word_1_177' title='bbox 388 1519 488 1564; x_wconf 77' lang='lat' dir='ltr'><strong>stantem</strong></span> <span class='ocrx_word' id='word_1_178' title='bbox 506 1517 537 1561; x_wconf 85' lang='lat' dir='ltr'><strong>od</strong></span> <span class='ocrx_word' id='word_1_179' title='bbox 554 1516 672 1561; x_wconf 78' lang='lat' dir='ltr'><strong>dextermn</strong></span> <span class='ocrx_word' id='word_1_180' title='bbox 697 1511 825 1570; x_wconf 88' lang='lat' dir='ltr'><strong>utriusque</strong></span> <span class='ocrx_word' id='word_1_181' title='bbox 833 1513 895 1559; x_wconf 87' lang='lat' dir='ltr'><strong>colla</strong></span> <span class='ocrx_word' id='word_1_182' title='bbox 904 1513 1043 1569; x_wconf 85' lang='lat' dir='ltr'><strong>sociantur,</strong></span> <span class='ocrx_word' id='word_1_183' title='bbox 1054 1513 1154 1560; x_wconf 85' lang='lat' dir='ltr'><strong>etiamsi</strong></span> <span class='ocrx_word' id='word_1_184' title='bbox 1165 1514 1227 1560; x_wconf 82' lang='lat' dir='ltr'><strong>alter</strong></span> 
     </span>
    </p>
   </div>
   <div class='ocr_carea' id='block_1_3' title="bbox 145 1579 1227 1986">
    <p class='ocr_par' dir='ltr' id='par_1_4' title="bbox 145 1579 1227 1986">
     <span class='ocr_line' id='line_1_18' title="bbox 145 1579 1227 1644; baseline -0.002 -12"><span class='ocrx_word' id='word_1_185' title='bbox 145 1583 673 1644; x_wconf 78' lang='lat' dir='ltr'><strong>Dei-ProhocpiscestabatDominnslesus3</strong></span> <span class='ocrx_word' id='word_1_186' title='bbox 697 1579 769 1627; x_wconf 86' lang='lat' dir='ltr'><strong>obeat</strong></span> <span class='ocrx_word' id='word_1_187' title='bbox 786 1583 1092 1642; x_wconf 80' lang='lat' dir='ltr'><strong>separatarmnregionmn</strong></span> <span class='ocrx_word' id='word_1_188' title='bbox 1107 1584 1181 1642; x_wconf 81' lang='lat' dir='ltr'><strong>longa</strong></span> <span class='ocrx_word' id='word_1_189' title='bbox 1190 1583 1227 1630; x_wconf 93' lang='lat' dir='ltr'><strong>di·</strong></span> 
     </span>
     <span class='ocr_line' id='line_1_19' title="bbox 145 1649 1225 1712; baseline -0.002 -11"><span class='ocrx_word' id='word_1_190' title='bbox 145 1653 317 1701; x_wconf 86' lang='lat' dir='ltr'><strong>sciebatenim</strong></span> <span class='ocrx_word' id='word_1_191' title='bbox 335 1666 388 1702; x_wconf 85' lang='lat' dir='ltr'><strong>esse</strong></span> <span class='ocrx_word' id='word_1_192' title='bbox 404 1654 483 1700; x_wconf 87' lang='lat' dir='ltr'><strong>inore</strong></span> <span class='ocrx_word' id='word_1_193' title='bbox 503 1653 556 1711; x_wconf 87' lang='lat' dir='ltr'><strong>ejus</strong></span> <span class='ocrx_word' id='word_1_194' title='bbox 566 1651 673 1712; x_wconf 89' lang='lat' dir='ltr'><strong>pretium</strong></span> <span class='ocrx_word' id='word_1_195' title='bbox 697 1649 790 1709; x_wconf 78' lang='lat' dir='ltr'><strong>nortia3</strong></span> <span class='ocrx_word' id='word_1_196' title='bbox 801 1651 860 1711; x_wconf 85' lang='lat' dir='ltr'><strong>quia</strong></span> <span class='ocrx_word' id='word_1_197' title='bbox 877 1663 926 1698; x_wconf 91' lang='lat' dir='ltr'><strong>non</strong></span> <span class='ocrx_word' id='word_1_198' title='bbox 942 1653 1050 1712; x_wconf 88' lang='lat' dir='ltr'><strong>corporis</strong></span> <span class='ocrx_word' id='word_1_199' title='bbox 1061 1653 1175 1712; x_wconf 83' lang='lat' dir='ltr'><strong>cervice,</strong></span> <span class='ocrx_word' id='word_1_200' title='bbox 1185 1652 1225 1699; x_wconf 90' lang='lat' dir='ltr'><strong>sed</strong></span> 
     </span>
     <span class='ocr_line' id='line_1_20' title="bbox 146 1718 1225 1782; baseline -0.004 -12"><span class='ocrx_word' id='word_1_201' title='bbox 146 1721 295 1770; x_wconf 87' lang='lat' dir='ltr'><strong>sni-census.</strong></span> <span class='ocrx_word' id='word_1_202' title='bbox 314 1722 429 1782; x_wconf 87' lang='lat' dir='ltr'><strong>Denique</strong></span> <span class='ocrx_word' id='word_1_203' title='bbox 440 1721 544 1779; x_wconf 87' lang='lat' dir='ltr'><strong>glorioso</strong></span> <span class='ocrx_word' id='word_1_204' title='bbox 555 1719 673 1779; x_wconf 83' lang='lat' dir='ltr'><strong>martyrio</strong></span> <span class='ocrx_word' id='word_1_205' title='bbox 697 1718 1225 1782; x_wconf 76' lang='lat' dir='ltr'><strong>meniisjugumgrariaerecepemnt.vipera</strong></span> 
     </span>
     <span class='ocr_line' id='line_1_21' title="bbox 147 1787 1226 1850; baseline 0 -16"><span class='ocrx_word' id='word_1_206' title='bbox 147 1790 173 1834; x_wconf 90' lang='lat' dir='ltr'><strong>ct</strong></span> <span class='ocrx_word' id='word_1_207' title='bbox 182 1790 247 1836; x_wconf 88' lang='lat' dir='ltr'><strong>Petri</strong></span> <span class='ocrx_word' id='word_1_208' title='bbox 256 1789 391 1847; x_wconf 84' lang='lat' dir='ltr'><strong>judicium,</strong></span> <span class='ocrx_word' id='word_1_209' title='bbox 402 1789 476 1847; x_wconf 84' lang='lat' dir='ltr'><strong>atquc</strong></span> <span class='ocrx_word' id='word_1_210' title='bbox 488 1788 673 1845; x_wconf 90' lang='lat' dir='ltr'><strong>doctrinam‚et</strong></span> <span class='ocrx_word' id='word_1_211' title='bbox 697 1787 875 1844; x_wconf 79' lang='lat' dir='ltr'><strong>nequissimum</strong></span> <span class='ocrx_word' id='word_1_212' title='bbox 889 1801 967 1848; x_wconf 87' lang='lat' dir='ltr'><strong>genus</strong></span> <span class='ocrx_word' id='word_1_213' title='bbox 985 1790 1085 1849; x_wconf 71' lang='lat' dir='ltr'><strong>bestias,</strong></span> <span class='ocrx_word' id='word_1_214' title='bbox 1107 1790 1135 1837; x_wconf 91' lang='lat' dir='ltr'><strong>et</strong></span> <span class='ocrx_word' id='word_1_215' title='bbox 1153 1801 1226 1850; x_wconf 87' lang='lat' dir='ltr'><strong>super</strong></span> 
     </span>
     <span class='ocr_line' id='line_1_22' title="bbox 146 1855 1225 1918; baseline 0 -15"><span class='ocrx_word' id='word_1_216' title='bbox 146 1858 235 1906; x_wconf 85' lang='lat' dir='ltr'><strong>Christi</strong></span> <span class='ocrx_word' id='word_1_217' title='bbox 252 1858 355 1918; x_wconf 83' lang='lat' dir='ltr'><strong>gratiam</strong></span> <span class='ocrx_word' id='word_1_218' title='bbox 375 1857 484 1917; x_wconf 90' lang='lat' dir='ltr'><strong>locuples</strong></span> <span class='ocrx_word' id='word_1_219' title='bbox 498 1856 608 1905; x_wconf 82' lang='lat' dir='ltr'><strong>adsertor</strong></span> <span class='ocrx_word' id='word_1_220' title='bbox 624 1855 673 1902; x_wconf 91' lang='lat' dir='ltr'><strong>im·</strong></span> <span class='ocrx_word' id='word_1_221' title='bbox 696 1855 778 1899; x_wconf 88' lang='lat' dir='ltr'><strong>omnia</strong></span> <span class='ocrx_word' id='word_1_222' title='bbox 794 1869 849 1915; x_wconf 84' lang='lat' dir='ltr'><strong>quae</strong></span> <span class='ocrx_word' id='word_1_223' title='bbox 859 1857 996 1915; x_wconf 90' lang='lat' dir='ltr'><strong>serpentini</strong></span> <span class='ocrx_word' id='word_1_224' title='bbox 1009 1858 1067 1905; x_wconf 88' lang='lat' dir='ltr'><strong>sunt</strong></span> <span class='ocrx_word' id='word_1_225' title='bbox 1077 1858 1225 1916; x_wconf 78' lang='lat' dir='ltr'><strong>generisas-</strong></span> 
     </span>
     <span class='ocr_line' id='line_1_23' title="bbox 146 1920 1226 1986; baseline 0.008 -21"><span class='ocrx_word' id='word_1_226' title='bbox 146 1926 233 1986; x_wconf 75' lang='lat' dir='ltr'><strong>plemt.</strong></span> <span class='ocrx_word' id='word_1_227' title='bbox 696 1920 839 1980; x_wconf 87' lang='lat' dir='ltr'><strong>tutior,ubi</strong></span> <span class='ocrx_word' id='word_1_228' title='bbox 850 1926 954 1972; x_wconf 88' lang='lat' dir='ltr'><strong>coeundi</strong></span> <span class='ocrx_word' id='word_1_229' title='bbox 965 1926 1126 1985; x_wconf 89' lang='lat' dir='ltr'><strong>cupiditatem</strong></span> <span class='ocrx_word' id='word_1_230' title='bbox 1136 1938 1226 1974; x_wconf 72' lang='lat' dir='ltr'><strong>assum</strong></span> 
     </span>
    </p>
   </div>
   <div class='ocr_carea' id='block_1_4' title="bbox 146 1991 1225 2223">
    <p class='ocr_par' dir='ltr' id='par_1_5' title="bbox 146 1991 1225 2223">
     <span class='ocr_line' id='line_1_24' title="bbox 696 1991 1225 2049; baseline 0.009 -12"><span class='ocrx_word' id='word_1_231' title='bbox 696 1991 771 2049; x_wconf 88' lang='lat' dir='ltr'><strong>serit,</strong></span> <span class='ocrx_word' id='word_1_232' title='bbox 781 2004 896 2040; x_wconf 76' lang='lat' dir='ltr'><strong>muraena</strong></span> <span class='ocrx_word' id='word_1_233' title='bbox 902 1995 1033 2042; x_wconf 75' lang='lat' dir='ltr'><strong>maritime</strong></span> <span class='ocrx_word' id='word_1_234' title='bbox 1039 1995 1178 2043; x_wconf 86' lang='lat' dir='ltr'><strong>notamsibi</strong></span> <span class='ocrx_word' id='word_1_235' title='bbox 1188 2007 1225 2042; x_wconf 77' lang='lat' dir='ltr'><strong>re</strong></span> 
     </span>
     <span class='ocr_line' id='line_1_25' title="bbox 304 2059 1223 2123; baseline -0.008 -7"><span class='ocrx_word' id='word_1_236' title='bbox 304 2062 431 2116; x_wconf 78' lang='lat' dir='ltr'><strong>CAPUT</strong></span> <span class='ocrx_word' id='word_1_237' title='bbox 449 2063 521 2113; x_wconf 86' lang='lat' dir='ltr'><strong>vn.</strong></span> <span class='ocrx_word' id='word_1_238' title='bbox 696 2059 772 2117; x_wconf 78' lang='lat' dir='ltr'><strong>quitit</strong></span> <span class='ocrx_word' id='word_1_239' title='bbox 789 2063 918 2120; x_wconf 86' lang='lat' dir='ltr'><strong>copulam,</strong></span> <span class='ocrx_word' id='word_1_240' title='bbox 928 2063 969 2110; x_wconf 82' lang='lat' dir='ltr'><strong>rel</strong></span> <span class='ocrx_word' id='word_1_241' title='bbox 986 2075 1077 2110; x_wconf 86' lang='lat' dir='ltr'><strong>noram</strong></span> <span class='ocrx_word' id='word_1_242' title='bbox 1091 2062 1223 2123; x_wconf 72' lang='lat' dir='ltr'><strong>preparat,</strong></span> 
     </span>
     <span class='ocr_line' id='line_1_26' title="bbox 146 2130 1224 2223; baseline -0.005 -10"><span class='ocrx_word' id='word_1_243' title='bbox 146 2173 187 2213; x_wconf 84' lang='lat' dir='ltr'><strong>Per</strong></span> <span class='ocrx_word' id='word_1_244' title='bbox 196 2183 256 2212; x_wconf 86' lang='lat' dir='ltr'><strong>mare</strong></span> <span class='ocrx_word' id='word_1_245' title='bbox 262 2173 403 2223; x_wconf 78' lang='lat' dir='ltr'><strong>Evangelium</strong></span> <span class='ocrx_word' id='word_1_246' title='bbox 409 2179 429 2213; x_wconf 87' lang='lat' dir='ltr'><strong>ct</strong></span> <span class='ocrx_word' id='word_1_247' title='bbox 438 2175 551 2214; x_wconf 79' lang='lat' dir='ltr'><strong>Ecclesiam</strong></span> <span class='ocrx_word' id='word_1_248' title='bbox 557 2175 643 2222; x_wconf 84' lang='lat' dir='ltr'><strong>signari,</strong></span> <span class='ocrx_word' id='word_1_249' title='bbox 650 2177 672 2212; x_wconf 87' lang='lat' dir='ltr'><strong>ei</strong></span> <span class='ocrx_word' id='word_1_250' title='bbox 696 2138 869 2188; x_wconf 59' lang='lat' dir='ltr'>progressaque</span> <span class='ocrx_word' id='word_1_251' title='bbox 877 2131 908 2177; x_wconf 65' lang='lat' dir='ltr'><strong>ad</strong></span> <span class='ocrx_word' id='word_1_252' title='bbox 918 2130 1002 2190; x_wconf 63' lang='lat' dir='ltr'><strong>lmus’</strong></span> <span class='ocrx_word' id='word_1_253' title='bbox 1012 2131 1086 2178; x_wconf 55' lang='lat' dir='ltr'><strong>Sibim</strong></span> <span class='ocrx_word' id='word_1_254' title='bbox 1096 2131 1224 2179; x_wconf 50' lang='lat' dir='ltr'><strong>minem</strong></span> 
     </span>
    </p>
   </div>
   <div class='ocr_carea' id='block_1_5' title="bbox 166 2198 1225 2330">
    <p class='ocr_par' dir='ltr' id='par_1_6' title="bbox 166 2198 1225 2330">
     <span class='ocr_line' id='line_1_27' title="bbox 166 2198 1225 2276; baseline 0.005 -11"><span class='ocrx_word' id='word_1_255' title='bbox 166 2228 222 2276; x_wconf 92' lang='lat' dir='ltr'><strong>quid</strong></span> <span class='ocrx_word' id='word_1_256' title='bbox 236 2229 261 2265; x_wconf 89' lang='lat' dir='ltr'><strong>in</strong></span> <span class='ocrx_word' id='word_1_257' title='bbox 276 2229 387 2267; x_wconf 73' lang='lat' dir='ltr'><strong>merthoc</strong></span> <span class='ocrx_word' id='word_1_258' title='bbox 402 2233 503 2276; x_wconf 61' lang='lat' dir='ltr'><strong>prestare</strong></span> <span class='ocrx_word' id='word_1_259' title='bbox 517 2229 590 2266; x_wconf 83' lang='lat' dir='ltr'><strong>debeat</strong></span> <span class='ocrx_word' id='word_1_260' title='bbox 607 2229 672 2267; x_wconf 92' lang='lat' dir='ltr'><strong>homo</strong></span> <span class='ocrx_word' id='word_1_261' title='bbox 696 2198 850 2275; x_wconf 42' lang='lat' dir='ltr'><strong>praesenqam</strong></span> <span class='ocrx_word' id='word_1_262' title='bbox 871 2199 927 2257; x_wconf 68' lang='lat' dir='ltr'><strong>sui‘</strong></span> <span class='ocrx_word' id='word_1_263' title='bbox 947 2199 979 2246; x_wconf 58' lang='lat' dir='ltr'><strong>ad</strong></span> <span class='ocrx_word' id='word_1_264' title='bbox 998 2199 1155 2260; x_wconf 66' lang='lat' dir='ltr'><strong>⁰⁰nju3³¹⁰m</strong></span> <span class='ocrx_word' id='word_1_265' title='bbox 1174 2212 1225 2247; x_wconf 60' lang='lat' dir='ltr'><strong>am</strong></span> 
     </span>
     <span class='ocr_line' id='line_1_28' title="bbox 166 2262 1225 2330; baseline 0.005 -20"><span class='ocrx_word' id='word_1_266' title='bbox 166 2280 232 2329; x_wconf 62' lang='lat' dir='ltr'><strong>,mm</strong></span> <span class='ocrx_word' id='word_1_267' title='bbox 240 2281 347 2330; x_wconf 71' lang='lat' dir='ltr'><strong>conjuges</strong></span> <span class='ocrx_word' id='word_1_268' title='bbox 358 2283 386 2320; x_wconf 64' lang='lat' dir='ltr'><strong>m</strong></span> <span class='ocrx_word' id='word_1_269' title='bbox 397 2286 498 2320; x_wconf 71' lang='lat' dir='ltr'><strong>mutuam</strong></span> <span class='ocrx_word' id='word_1_270' title='bbox 511 2292 601 2320; x_wconf 80' lang='lat' dir='ltr'><strong>morum</strong></span> <span class='ocrx_word' id='word_1_271' title='bbox 616 2283 672 2319; x_wconf 78' lang='lat' dir='ltr'><strong>rore-</strong></span> <span class='ocrx_word' id='word_1_272' title='bbox 695 2262 795 2320; x_wconf 85' lang='lat' dir='ltr'><strong>plexum</strong></span> <span class='ocrx_word' id='word_1_273' title='bbox 804 2266 872 2311; x_wconf 81' lang='lat' dir='ltr'><strong>illam</strong></span> <span class='ocrx_word' id='word_1_274' title='bbox 880 2269 1178 2316; x_wconf 80' lang='lat' dir='ltr'><strong>evocatbluraenaautem</strong></span> <span class='ocrx_word' id='word_1_275' title='bbox 1188 2280 1225 2316; x_wconf 86' lang='lat' dir='ltr'><strong>rn-</strong></span> 
     </span>
    </p>
   </div>
   <div class='ocr_carea' id='block_1_6' title="bbox 142 2330 1224 3421">
    <p class='ocr_par' dir='ltr' id='par_1_7' title="bbox 167 2330 1223 2398">
     <span class='ocr_line' id='line_1_29' title="bbox 167 2330 1223 2398; baseline 0.008 -24"><span class='ocrx_word' id='word_1_276' title='bbox 167 2335 274 2396; x_wconf 62' lang='lat' dir='ltr'><strong>tamiam,</strong></span> <span class='ocrx_word' id='word_1_277' title='bbox 286 2337 396 2373; x_wconf 77' lang='lat' dir='ltr'><strong>caritatem</strong></span> <span class='ocrx_word' id='word_1_278' title='bbox 403 2360 410 2381; x_wconf 88' lang='lat'>‚</span> <span class='ocrx_word' id='word_1_279' title='bbox 418 2335 495 2381; x_wconf 81' lang='lat' dir='ltr'><strong>fidem,</strong></span> <span class='ocrx_word' id='word_1_280' title='bbox 504 2336 600 2383; x_wconf 82' lang='lat' dir='ltr'><strong>exemplo</strong></span> <span class='ocrx_word' id='word_1_281' title='bbox 611 2337 672 2382; x_wconf 80' lang='lat' dir='ltr'><strong>vipe-</strong></span> <span class='ocrx_word' id='word_1_282' title='bbox 696 2330 772 2378; x_wconf 87' lang='lat' dir='ltr'><strong>vitata</strong></span> <span class='ocrx_word' id='word_1_283' title='bbox 782 2346 831 2380; x_wconf 89' lang='lat' dir='ltr'><strong>non</strong></span> <span class='ocrx_word' id='word_1_284' title='bbox 846 2335 929 2395; x_wconf 85' lang='lat' dir='ltr'><strong>deest,</strong></span> <span class='ocrx_word' id='word_1_285' title='bbox 940 2338 967 2383; x_wconf 92' lang='lat' dir='ltr'><strong>et</strong></span> <span class='ocrx_word' id='word_1_286' title='bbox 976 2337 1105 2384; x_wconf 78' lang='lat' dir='ltr'><strong>venenatae</strong></span> <span class='ocrx_word' id='word_1_287' title='bbox 1116 2339 1223 2398; x_wconf 86' lang='lat' dir='ltr'><strong>serpenti</strong></span> 
     </span>
    </p>

    <p class='ocr_par' dir='ltr' id='par_1_8' title="bbox 166 2388 1224 2463">
     <span class='ocr_line' id='line_1_30' title="bbox 166 2388 1224 2463; baseline 0.004 -41"><span class='ocrx_word' id='word_1_288' title='bbox 166 2393 199 2422; x_wconf 65' lang='grc' dir='ltr'><strong>τε</strong></span> <span class='ocrx_word' id='word_1_289' title='bbox 214 2388 366 2434; x_wconf 78' lang='lat' dir='ltr'><strong>impelluntur.</strong></span> <span class='ocrx_word' id='word_1_290' title='bbox 379 2388 426 2426; x_wconf 88' lang='lat' dir='ltr'><strong>Cur</strong></span> <span class='ocrx_word' id='word_1_291' title='bbox 440 2388 498 2425; x_wconf 85' lang='lat' dir='ltr'><strong>idem</strong></span> <span class='ocrx_word' id='word_1_292' title='bbox 512 2388 635 2437; x_wconf 85' lang='lat' dir='ltr'><strong>exemplum</strong></span> <span class='ocrx_word' id='word_1_293' title='bbox 648 2389 671 2425; x_wconf 91' lang='lat' dir='ltr'><strong>iu</strong></span> <span class='ocrx_word' id='word_1_294' title='bbox 696 2400 818 2458; x_wconf 54' lang='lat' dir='ltr'><strong>expetitos</strong></span> <span class='ocrx_word' id='word_1_295' title='bbox 828 2404 1060 2463; x_wconf 62' lang='lat' dir='ltr'><strong>mussuaeimpefflt</strong></span> <span class='ocrx_word' id='word_1_296' title='bbox 1071 2405 1224 2463; x_wconf 51' lang='lat' dir='ltr'><strong>conjunctio·</strong></span> 
     </span>
    </p>

    <p class='ocr_par' dir='ltr' id='par_1_9' title="bbox 166 2443 1223 2531">
     <span class='ocr_line' id='line_1_31' title="bbox 166 2443 1223 2531; baseline 0.009 -19"><span class='ocrx_word' id='word_1_297' title='bbox 166 2443 376 2490; x_wconf 61' lang='lat' dir='ltr'><strong>¹¹¹¹²¹¹¹q⁰⁶p²⁸¹⁸m</strong></span> <span class='ocrx_word' id='word_1_298' title='bbox 383 2446 519 2490; x_wconf 81' lang='lat' dir='ltr'><strong>usurpatum.</strong></span> <span class='ocrx_word' id='word_1_299' title='bbox 695 2466 819 2526; x_wconf 83' lang='lat' dir='ltr'><strong>nis.de</strong></span> <span class='ocrx_word' id='word_1_300' title='bbox 838 2471 887 2517; x_wconf 90' lang='lat' dir='ltr'><strong>sibi</strong></span> <span class='ocrx_word' id='word_1_301' title='bbox 902 2473 956 2520; x_wconf 82' lang='lat' dir='ltr'><strong>vult</strong></span> <span class='ocrx_word' id='word_1_302' title='bbox 972 2484 1052 2520; x_wconf 88' lang='lat' dir='ltr'><strong>sermo</strong></span> <span class='ocrx_word' id='word_1_303' title='bbox 1070 2473 1223 2531; x_wconf 75' lang='lat' dir='ltr'><strong>huiusmodi,</strong></span> 
     </span>
    </p>

    <p class='ocr_par' dir='ltr' id='par_1_10' title="bbox 142 2534 1224 3421">
     <span class='ocr_line' id='line_1_32' title="bbox 175 2534 1224 2602; baseline 0.009 -23"><span class='ocrx_word' id='word_1_304' title='bbox 175 2534 213 2582; x_wconf 78' lang='lat' dir='ltr'><strong>ln.</strong></span> <span class='ocrx_word' id='word_1_305' title='bbox 233 2537 285 2583; x_wconf 75' lang='lat' dir='ltr'><strong>Nec</strong></span> <span class='ocrx_word' id='word_1_306' title='bbox 303 2538 329 2583; x_wconf 92' lang='lat' dir='ltr'><strong>tc</strong></span> <span class='ocrx_word' id='word_1_307' title='bbox 349 2539 447 2586; x_wconf 77' lang='lat' dir='ltr'><strong>moveat</strong></span> <span class='ocrx_word' id='word_1_308' title='bbox 466 2538 532 2597; x_wconf 88' lang='lat' dir='ltr'><strong>quod</strong></span> <span class='ocrx_word' id='word_1_309' title='bbox 546 2551 591 2598; x_wconf 89' lang='lat' dir='ltr'><strong>pro</strong></span> <span class='ocrx_word' id='word_1_310' title='bbox 610 2540 670 2586; x_wconf 82' lang='lat' dir='ltr'><strong>marl</strong></span> <span class='ocrx_word' id='word_1_311' title='bbox 694 2535 742 2582; x_wconf 89' lang='lat' dir='ltr'><strong>nisi</strong></span> <span class='ocrx_word' id='word_1_312' title='bbox 753 2536 865 2586; x_wconf 90' lang='lat' dir='ltr'><strong>ferendos</strong></span> <span class='ocrx_word' id='word_1_313' title='bbox 877 2552 930 2586; x_wconf 86' lang='lat' dir='ltr'><strong>esse</strong></span> <span class='ocrx_word' id='word_1_314' title='bbox 947 2553 1027 2588; x_wconf 85' lang='lat' dir='ltr'><strong>mores</strong></span> <span class='ocrx_word' id='word_1_315' title='bbox 1042 2542 1190 2602; x_wconf 86' lang='lat' dir='ltr'><strong>conjugum3</strong></span> <span class='ocrx_word' id='word_1_316' title='bbox 1200 2546 1224 2589; x_wconf 90' lang='lat' dir='ltr'><strong>et</strong></span> 
     </span>
     <span class='ocr_line' id='line_1_33' title="bbox 145 2605 1222 2672; baseline 0.009 -22"><span class='ocrx_word' id='word_1_317' title='bbox 145 2605 303 2663; x_wconf 70' lang='lat' dir='ltr'><strong>evangelium</strong></span> <span class='ocrx_word' id='word_1_318' title='bbox 319 2606 399 2664; x_wconf 86' lang='lat' dir='ltr'><strong>posui.</strong></span> <span class='ocrx_word' id='word_1_319' title='bbox 416 2607 574 2665; x_wconf 78' lang='lat' dir='ltr'><strong>Evangelium</strong></span> <span class='ocrx_word' id='word_1_320' title='bbox 584 2609 633 2667; x_wconf 88' lang='lat' dir='ltr'><strong>est,</strong></span> <span class='ocrx_word' id='word_1_321' title='bbox 645 2610 671 2656; x_wconf 88' lang='lat' dir='ltr'><strong>in</strong></span> <span class='ocrx_word' id='word_1_322' title='bbox 694 2605 715 2650; x_wconf 83' lang='lat' dir='ltr'><strong>si</strong></span> <span class='ocrx_word' id='word_1_323' title='bbox 730 2606 818 2654; x_wconf 85' lang='lat' dir='ltr'><strong>absens</strong></span> <span class='ocrx_word' id='word_1_324' title='bbox 836 2608 887 2667; x_wconf 83' lang='lat' dir='ltr'><strong>est,</strong></span> <span class='ocrx_word' id='word_1_325' title='bbox 906 2612 960 2668; x_wconf 80' lang='lat' dir='ltr'><strong>ejus</strong></span> <span class='ocrx_word' id='word_1_326' title='bbox 971 2611 1152 2670; x_wconf 85' lang='lat' dir='ltr'><strong>opperiendam</strong></span> <span class='ocrx_word' id='word_1_327' title='bbox 1162 2625 1222 2672; x_wconf 75' lang='lat' dir='ltr'><strong>prce</strong></span> 
     </span>
     <span class='ocr_line' id='line_1_34' title="bbox 144 2674 1223 2738; baseline 0.009 -22"><span class='ocrx_word' id='word_1_328' title='bbox 144 2688 193 2736; x_wconf 81' lang='lat' dir='ltr'><strong>quo</strong></span> <span class='ocrx_word' id='word_1_329' title='bbox 210 2675 319 2723; x_wconf 79' lang='lat' dir='ltr'><strong>Christus</strong></span> <span class='ocrx_word' id='word_1_330' title='bbox 333 2676 469 2724; x_wconf 75' lang='lat' dir='ltr'><strong>ambulavit</strong></span> <span class='ocrx_word' id='word_1_331' title='bbox 488 2689 495 2722; x_wconf 68' lang='grc' dir='ltr'><strong>ς</strong></span> <span class='ocrx_word' id='word_1_332' title='bbox 512 2678 670 2737; x_wconf 73' lang='lat' dir='ltr'><strong>Evangelmm</strong></span> <span class='ocrx_word' id='word_1_333' title='bbox 694 2674 811 2734; x_wconf 89' lang='lat' dir='ltr'><strong>sentiam,</strong></span> <span class='ocrx_word' id='word_1_334' title='bbox 823 2676 854 2722; x_wconf 89' lang='lat' dir='ltr'><strong>sit</strong></span> <span class='ocrx_word' id='word_1_335' title='bbox 869 2677 928 2724; x_wconf 91' lang='lat' dir='ltr'><strong>licet</strong></span> <span class='ocrx_word' id='word_1_336' title='bbox 938 2690 1021 2738; x_wconf 91' lang='lat' dir='ltr'><strong>asper,</strong></span> <span class='ocrx_word' id='word_1_337' title='bbox 1032 2678 1123 2738; x_wconf 83' lang='lat' dir='ltr'><strong>fallax,</strong></span> <span class='ocrx_word' id='word_1_338' title='bbox 1138 2680 1223 2727; x_wconf 88' lang='lat' dir='ltr'><strong>incon-</strong></span> 
     </span>
     <span class='ocr_line' id='line_1_35' title="bbox 145 2740 1224 2809; baseline 0.007 -17"><span class='ocrx_word' id='word_1_339' title='bbox 145 2745 198 2805; x_wconf 87' lang='lat' dir='ltr'><strong>cst,</strong></span> <span class='ocrx_word' id='word_1_340' title='bbox 217 2745 308 2806; x_wconf 92' lang='lat' dir='ltr'><strong>inquo</strong></span> <span class='ocrx_word' id='word_1_341' title='bbox 326 2745 386 2793; x_wconf 91' lang='lat' dir='ltr'><strong>licet</strong></span> <span class='ocrx_word' id='word_1_342' title='bbox 407 2745 554 2793; x_wconf 81' lang='lat' dir='ltr'><strong>titubaverit</strong></span> <span class='ocrx_word' id='word_1_343' title='bbox 570 2749 669 2806; x_wconf 86' lang='lat' dir='ltr'><strong>Petrus,</strong></span> <span class='ocrx_word' id='word_1_344' title='bbox 694 2740 773 2799; x_wconf 60' lang='lat' dir='ltr'><strong>ditus,</strong></span> <span class='ocrx_word' id='word_1_345' title='bbox 785 2743 904 2804; x_wconf 70' lang='lat' dir='ltr'><strong>lubricus,</strong></span> <span class='ocrx_word' id='word_1_346' title='bbox 912 2746 1224 2809; x_wconf 74' lang='lat' dir='ltr'><strong>temulentusiQnidpejus</strong></span> 
     </span>
     <span class='ocr_line' id='line_1_36' title="bbox 144 2813 1223 2874; baseline 0.008 -21"><span class='ocrx_word' id='word_1_347' title='bbox 144 2814 241 2873; x_wconf 77' lang='lat' dir='ltr'><strong>quando</strong></span> <span class='ocrx_word' id='word_1_348' title='bbox 257 2813 369 2872; x_wconf 76' lang='lat' dir='ltr'><strong>negavit,</strong></span> <span class='ocrx_word' id='word_1_349' title='bbox 383 2813 466 2860; x_wconf 73' lang='lat' dir='ltr'><strong>tamen</strong></span> <span class='ocrx_word' id='word_1_350' title='bbox 479 2827 525 2874; x_wconf 76' lang='lat' dir='ltr'><strong>pm</strong></span> <span class='ocrx_word' id='word_1_351' title='bbox 543 2815 670 2864; x_wconf 65' lang='lat' dir='ltr'><strong>amimam</strong></span> <span class='ocrx_word' id='word_1_352' title='bbox 694 2821 804 2870; x_wconf 84' lang='lat' dir='ltr'><strong>veneno,</strong></span> <span class='ocrx_word' id='word_1_353' title='bbox 819 2815 919 2870; x_wconf 91' lang='lat' dir='ltr'><strong>quodin</strong></span> <span class='ocrx_word' id='word_1_354' title='bbox 930 2815 1033 2874; x_wconf 75' lang='lat' dir='ltr'><strong>coniuge</strong></span> <span class='ocrx_word' id='word_1_355' title='bbox 1052 2827 1164 2864; x_wconf 86' lang='lat' dir='ltr'><strong>muraena</strong></span> <span class='ocrx_word' id='word_1_356' title='bbox 1177 2829 1223 2864; x_wconf 89' lang='lat' dir='ltr'><strong>non</strong></span> 
     </span>
     <span class='ocr_line' id='line_1_37' title="bbox 144 2878 1224 2944; baseline 0.007 -22"><span class='ocrx_word' id='word_1_357' title='bbox 144 2883 231 2930; x_wconf 75' lang='lat' dir='ltr'><strong>christi</strong></span> <span class='ocrx_word' id='word_1_358' title='bbox 240 2883 297 2930; x_wconf 74' lang='lat' dir='ltr'><strong>fidei</strong></span> <span class='ocrx_word' id='word_1_359' title='bbox 308 2882 502 2942; x_wconf 79' lang='lat' dir='ltr'><strong>munimentum,</strong></span> <span class='ocrx_word' id='word_1_360' title='bbox 511 2884 623 2932; x_wconf 73' lang='lat' dir='ltr'><strong>stationis</strong></span> <span class='ocrx_word' id='word_1_361' title='bbox 632 2887 670 2932; x_wconf 79' lang='lat' dir='ltr'><strong>m.</strong></span> <span class='ocrx_word' id='word_1_362' title='bbox 694 2878 798 2936; x_wconf 78' lang='lat' dir='ltr'><strong>refugit?</strong></span> <span class='ocrx_word' id='word_1_363' title='bbox 810 2883 897 2928; x_wconf 76' lang='lat' dir='ltr'><strong>vocata</strong></span> <span class='ocrx_word' id='word_1_364' title='bbox 906 2895 955 2930; x_wconf 92' lang='lat' dir='ltr'><strong>non</strong></span> <span class='ocrx_word' id='word_1_365' title='bbox 965 2883 1049 2943; x_wconf 90' lang='lat' dir='ltr'><strong>deest,</strong></span> <span class='ocrx_word' id='word_1_366' title='bbox 1061 2884 1087 2930; x_wconf 88' lang='lat' dir='ltr'><strong>et</strong></span> <span class='ocrx_word' id='word_1_367' title='bbox 1101 2885 1224 2944; x_wconf 87' lang='lat' dir='ltr'><strong>serpentis</strong></span> 
     </span>
     <span class='ocr_line' id='line_1_38' title="bbox 144 2944 1222 3013; baseline 0 -17"><span class='ocrx_word' id='word_1_368' title='bbox 144 2953 213 2998; x_wconf 79' lang='lat' dir='ltr'><strong>venit</strong></span> <span class='ocrx_word' id='word_1_369' title='bbox 223 2951 325 3010; x_wconf 83' lang='lat' dir='ltr'><strong>gratiam</strong></span> <span class='ocrx_word' id='word_1_370' title='bbox 337 2964 344 2994; x_wconf 77' lang='lat' dir='ltr'><strong>r</strong></span> <span class='ocrx_word' id='word_1_371' title='bbox 356 2953 514 3008; x_wconf 83' lang='lat' dir='ltr'><strong>Evangelium</strong></span> <span class='ocrx_word' id='word_1_372' title='bbox 526 2953 575 3011; x_wconf 89' lang='lat' dir='ltr'><strong>est,</strong></span> <span class='ocrx_word' id='word_1_373' title='bbox 584 2955 615 3000; x_wconf 88' lang='lat' dir='ltr'><strong>de</strong></span> <span class='ocrx_word' id='word_1_374' title='bbox 623 2967 670 3013; x_wconf 76' lang='lat' dir='ltr'><strong>qm,</strong></span> <span class='ocrx_word' id='word_1_375' title='bbox 695 2944 814 2994; x_wconf 88' lang='lat' dir='ltr'><strong>lubricum</strong></span> <span class='ocrx_word' id='word_1_376' title='bbox 827 2951 910 2996; x_wconf 85' lang='lat' dir='ltr'><strong>sedula</strong></span> <span class='ocrx_word' id='word_1_377' title='bbox 925 2952 1026 2998; x_wconf 86' lang='lat' dir='ltr'><strong>caritate</strong></span> <span class='ocrx_word' id='word_1_378' title='bbox 1040 2953 1222 3011; x_wconf 80' lang='lat' dir='ltr'><strong>complectitur.</strong></span> 
     </span>
     <span class='ocr_line' id='line_1_39' title="bbox 143 3011 1224 3082; baseline 0.014 -18"><span class='ocrx_word' id='word_1_379' title='bbox 143 3020 236 3077; x_wconf 89' lang='lat' dir='ltr'><strong>martyr</strong></span> <span class='ocrx_word' id='word_1_380' title='bbox 245 3018 533 3082; x_wconf 77' lang='lat' dir='ltr'><strong>ascendittlivangelium</strong></span> <span class='ocrx_word' id='word_1_381' title='bbox 542 3022 579 3066; x_wconf 84' lang='lat' dir='ltr'><strong>est</strong></span> <span class='ocrx_word' id='word_1_382' title='bbox 589 3033 669 3080; x_wconf 89' lang='lat' dir='ltr'><strong>mare,</strong></span> <span class='ocrx_word' id='word_1_383' title='bbox 694 3011 738 3058; x_wconf 71' lang='lat'><strong>¹¹¹0</strong></span> <span class='ocrx_word' id='word_1_384' title='bbox 749 3015 792 3061; x_wconf 57' lang='lat'><strong>*1¹³</strong></span> <span class='ocrx_word' id='word_1_385' title='bbox 805 3019 869 3062; x_wconf 86' lang='lat' dir='ltr'><strong>mala</strong></span> <span class='ocrx_word' id='word_1_386' title='bbox 884 3020 980 3077; x_wconf 58' lang='lat' dir='ltr'><strong>limita</strong></span> <span class='ocrx_word' id='word_1_387' title='bbox 991 3020 1017 3067; x_wconf 59' lang='lat'><strong>0²</strong></span> <span class='ocrx_word' id='word_1_388' title='bbox 1032 3020 1142 3067; x_wconf 59' lang='lat' dir='ltr'><strong>lsstltitis</strong></span> <span class='ocrx_word' id='word_1_389' title='bbox 1152 3020 1224 3068; x_wconf 66' lang='lat' dir='ltr'><strong>fem·</strong></span> 
     </span>
     <span class='ocr_line' id='line_1_40' title="bbox 144 3083 1223 3148; baseline 0.003 -17"><span class='ocrx_word' id='word_1_390' title='bbox 144 3089 170 3134; x_wconf 88' lang='lat' dir='ltr'><strong>in</strong></span> <span class='ocrx_word' id='word_1_391' title='bbox 178 3099 226 3145; x_wconf 90' lang='lat' dir='ltr'><strong>quo</strong></span> <span class='ocrx_word' id='word_1_392' title='bbox 236 3087 361 3145; x_wconf 89' lang='lat' dir='ltr'><strong>piscantur</strong></span> <span class='ocrx_word' id='word_1_393' title='bbox 371 3088 524 3146; x_wconf 76' lang='lat' dir='ltr'><strong>Apostoli,in</strong></span> <span class='ocrx_word' id='word_1_394' title='bbox 534 3102 582 3146; x_wconf 81' lang='lat' dir='ltr'><strong>quo</strong></span> <span class='ocrx_word' id='word_1_395' title='bbox 592 3091 670 3136; x_wconf 72' lang='lat' dir='ltr'><strong>mitti.</strong></span> <span class='ocrx_word' id='word_1_396' title='bbox 694 3091 747 3127; x_wconf 79' lang='lat' dir='ltr'><strong>neae</strong></span> <span class='ocrx_word' id='word_1_397' title='bbox 765 3083 926 3148; x_wconf 80' lang='lat' dir='ltr'><strong>facilitatem:</strong></span> <span class='ocrx_word' id='word_1_398' title='bbox 938 3088 966 3134; x_wconf 91' lang='lat' dir='ltr'><strong>tu</strong></span> <span class='ocrx_word' id='word_1_399' title='bbox 983 3088 1065 3134; x_wconf 83' lang='lat' dir='ltr'><strong>virum</strong></span> <span class='ocrx_word' id='word_1_400' title='bbox 1085 3089 1158 3135; x_wconf 89' lang='lat' dir='ltr'><strong>tuum</strong></span> <span class='ocrx_word' id='word_1_401' title='bbox 1176 3101 1223 3136; x_wconf 91' lang='lat' dir='ltr'><strong>non</strong></span> 
     </span>
     <span class='ocr_line' id='line_1_41' title="bbox 143 3149 1224 3217; baseline 0.018 -18"><span class='ocrx_word' id='word_1_402' title='bbox 143 3156 184 3201; x_wconf 90' lang='lat' dir='ltr'><strong>tur</strong></span> <span class='ocrx_word' id='word_1_403' title='bbox 192 3153 321 3212; x_wconf 88' lang='lat' dir='ltr'><strong>rete,quod</strong></span> <span class='ocrx_word' id='word_1_404' title='bbox 329 3153 409 3200; x_wconf 86' lang='lat' dir='ltr'><strong>simile</strong></span> <span class='ocrx_word' id='word_1_405' title='bbox 416 3155 453 3200; x_wconf 88' lang='lat' dir='ltr'><strong>est</strong></span> <span class='ocrx_word' id='word_1_406' title='bbox 461 3158 668 3215; x_wconf 83' lang='lat' dir='ltr'><strong>regnoeoelorum:</strong></span> <span class='ocrx_word' id='word_1_407' title='bbox 693 3149 772 3210; x_wconf 65' lang='grc' dir='ltr'><strong>Ρθῒθθε</strong></span> <span class='ocrx_word' id='word_1_408' title='bbox 790 3155 913 3214; x_wconf 63' lang='lat' dir='ltr'><strong>mulier,</strong></span> <span class='ocrx_word' id='word_1_409' title='bbox 931 3156 1067 3203; x_wconf 64' lang='lat' dir='ltr'><strong>sustinere?</strong></span> <span class='ocrx_word' id='word_1_410' title='bbox 1084 3157 1163 3204; x_wconf 58' lang='lat' dir='ltr'><strong>mm</strong></span> <span class='ocrx_word' id='word_1_411' title='bbox 1181 3170 1224 3217; x_wconf 69' lang='lat'><strong>9⁰¹</strong></span> 
     </span>
     <span class='ocr_line' id='line_1_42' title="bbox 143 3220 1222 3286; baseline 0.02 -20"><span class='ocrx_word' id='word_1_412' title='bbox 143 3222 302 3280; x_wconf 64' lang='lat' dir='ltr'><strong>mangonum</strong></span> <span class='ocrx_word' id='word_1_413' title='bbox 322 3221 359 3268; x_wconf 77' lang='lat' dir='ltr'><strong>est</strong></span> <span class='ocrx_word' id='word_1_414' title='bbox 374 3233 454 3280; x_wconf 77' lang='lat' dir='ltr'><strong>mare,</strong></span> <span class='ocrx_word' id='word_1_415' title='bbox 470 3223 496 3268; x_wconf 74' lang='lat' dir='ltr'><strong>in</strong></span> <span class='ocrx_word' id='word_1_416' title='bbox 514 3236 562 3282; x_wconf 76' lang='lat' dir='ltr'><strong>quo</strong></span> <span class='ocrx_word' id='word_1_417' title='bbox 581 3227 668 3274; x_wconf 76' lang='lat' dir='ltr'><strong>Christi</strong></span> <span class='ocrx_word' id='word_1_418' title='bbox 694 3220 770 3266; x_wconf 80' lang='lat' dir='ltr'><strong>svam</strong></span> <span class='ocrx_word' id='word_1_419' title='bbox 779 3221 895 3282; x_wconf 74' lang='lat' dir='ltr'><strong>receptus</strong></span> <span class='ocrx_word' id='word_1_420' title='bbox 906 3226 1015 3283; x_wconf 66' lang='lat' dir='ltr'><strong>estmoe</strong></span> <span class='ocrx_word' id='word_1_421' title='bbox 1024 3227 1073 3272; x_wconf 78' lang='lat' dir='ltr'><strong>uva</strong></span> <span class='ocrx_word' id='word_1_422' title='bbox 1083 3238 1129 3286; x_wconf 80' lang='lat' dir='ltr'><strong>per</strong></span> <span class='ocrx_word' id='word_1_423' title='bbox 1137 3228 1222 3275; x_wconf 74' lang='lat' dir='ltr'><strong>auam.</strong></span> 
     </span>
     <span class='ocr_line' id='line_1_43' title="bbox 143 3289 1223 3355; baseline 0.013 -21"><span class='ocrx_word' id='word_1_424' title='bbox 143 3289 278 3348; x_wconf 77' lang='lat' dir='ltr'><strong>ligurantur</strong></span> <span class='ocrx_word' id='word_1_425' title='bbox 297 3289 435 3348; x_wconf 85' lang='lat' dir='ltr'><strong>mysteria:</strong></span> <span class='ocrx_word' id='word_1_426' title='bbox 452 3291 611 3349; x_wconf 80' lang='lat' dir='ltr'><strong>Evangelium</strong></span> <span class='ocrx_word' id='word_1_427' title='bbox 633 3298 670 3342; x_wconf 87' lang='lat' dir='ltr'><strong>est</strong></span> <span class='ocrx_word' id='word_1_428' title='bbox 693 3289 771 3346; x_wconf 71' lang='lat' dir='ltr'><strong>Quem</strong></span> <span class='ocrx_word' id='word_1_429' title='bbox 788 3292 885 3338; x_wconf 71' lang='lat' dir='ltr'><strong>V0c³lit</strong></span> <span class='ocrx_word' id='word_1_430' title='bbox 902 3293 1041 3354; x_wconf 65' lang='lat' dir='ltr'><strong>adelitiam</strong></span> <span class='ocrx_word' id='word_1_431' title='bbox 1056 3295 1162 3355; x_wconf 67' lang='lat' dir='ltr'><strong>mulir-r,</strong></span> <span class='ocrx_word' id='word_1_432' title='bbox 1172 3295 1223 3354; x_wconf 80' lang='lat' dir='ltr'><strong>ius·</strong></span> 
     </span>
     <span class='ocr_line' id='line_1_44' title="bbox 142 3356 1222 3421; baseline 0.007 -18"><span class='ocrx_word' id='word_1_433' title='bbox 142 3370 223 3417; x_wconf 86' lang='lat' dir='ltr'><strong>mare,</strong></span> <span class='ocrx_word' id='word_1_434' title='bbox 234 3357 313 3416; x_wconf 89' lang='lat' dir='ltr'><strong>inquo</strong></span> <span class='ocrx_word' id='word_1_435' title='bbox 323 3356 438 3405; x_wconf 85' lang='lat' dir='ltr'><strong>liebraens</strong></span> <span class='ocrx_word' id='word_1_436' title='bbox 449 3360 669 3421; x_wconf 77' lang='lat' dir='ltr'><strong>evasit,AEgyplius</strong></span> <span class='ocrx_word' id='word_1_437' title='bbox 693 3357 745 3404; x_wconf 89' lang='lat' dir='ltr'><strong>tum</strong></span> <span class='ocrx_word' id='word_1_438' title='bbox 755 3360 791 3407; x_wconf 88' lang='lat' dir='ltr'><strong>est</strong></span> <span class='ocrx_word' id='word_1_439' title='bbox 802 3363 830 3408; x_wconf 89' lang='lat' dir='ltr'><strong>ut</strong></span> <span class='ocrx_word' id='word_1_440' title='bbox 837 3374 894 3408; x_wconf 89' lang='lat' dir='ltr'><strong>eum</strong></span> <span class='ocrx_word' id='word_1_441' title='bbox 899 3363 1086 3419; x_wconf 86' lang='lat' dir='ltr'><strong>gubernatorem</strong></span> <span class='ocrx_word' id='word_1_442' title='bbox 1097 3365 1222 3421; x_wconf 62' lang='lat' dir='ltr'><strong>adsumam</strong></span> 
     </span>
    </p>
   </div>
   <div class='ocr_carea' id='block_1_7' title="bbox 72 3425 1222 3491">
    <p class='ocr_par' dir='ltr' id='par_1_11' title="bbox 72 3425 1222 3491">
     <span class='ocr_line' id='line_1_45' title="bbox 72 3425 1222 3491; baseline 0.009 -19"><span class='ocrx_word' id='word_1_443' title='bbox 72 3438 81 3490; x_wconf 67' lang='lat' dir='ltr'><em>j</em></span> <span class='ocrx_word' id='word_1_444' title='bbox 143 3426 288 3473; x_wconf 88' lang='lat' dir='ltr'><strong>interemtus</strong></span> <span class='ocrx_word' id='word_1_445' title='bbox 306 3425 531 3484; x_wconf 76' lang='lat' dir='ltr'><strong>estslirangelium</strong></span> <span class='ocrx_word' id='word_1_446' title='bbox 549 3429 587 3474; x_wconf 91' lang='lat' dir='ltr'><strong>est</strong></span> <span class='ocrx_word' id='word_1_447' title='bbox 601 3441 674 3491; x_wconf 89' lang='lat' dir='ltr'><strong>mare,</strong></span> <span class='ocrx_word' id='word_1_448' title='bbox 694 3438 725 3472; x_wconf 78' lang='lat' dir='ltr'><strong>ne</strong></span> <span class='ocrx_word' id='word_1_449' title='bbox 744 3427 835 3474; x_wconf 81' lang='lat' dir='ltr'><strong>iterum</strong></span> <span class='ocrx_word' id='word_1_450' title='bbox 853 3429 960 3476; x_wconf 77' lang='lat' dir='ltr'><strong>feminco</strong></span> <span class='ocrx_word' id='word_1_451' title='bbox 979 3430 1097 3483; x_wconf 79' lang='lat' dir='ltr'><strong>facilitate</strong></span> <span class='ocrx_word' id='word_1_452' title='bbox 1116 3432 1222 3482; x_wconf 80' lang='lat' dir='ltr'><strong>labatur.</strong></span> 
     </span>
    </p>
   </div>
   <div class='ocr_carea' id='block_1_8' title="bbox 72 3493 1224 4109">
    <p class='ocr_par' dir='ltr' id='par_1_12' title="bbox 72 3493 1224 4109">
     <span class='ocr_line' id='line_1_46' title="bbox 72 3493 1224 3561; baseline 0.006 -21"><span class='ocrx_word' id='word_1_453' title='bbox 72 3547 79 3561; x_wconf 32' lang='lat'><em>¹</em></span> <span class='ocrx_word' id='word_1_454' title='bbox 141 3495 199 3553; x_wconf 89' lang='lat' dir='ltr'><strong>quia</strong></span> <span class='ocrx_word' id='word_1_455' title='bbox 209 3506 294 3553; x_wconf 87' lang='lat' dir='ltr'><strong>sponsa</strong></span> <span class='ocrx_word' id='word_1_456' title='bbox 305 3494 393 3540; x_wconf 80' lang='lat' dir='ltr'><strong>Christi</strong></span> <span class='ocrx_word' id='word_1_457' title='bbox 404 3495 511 3542; x_wconf 84' lang='lat' dir='ltr'><strong>Ecclesia</strong></span> <span class='ocrx_word' id='word_1_458' title='bbox 520 3497 566 3555; x_wconf 91' lang='lat' dir='ltr'><strong>est,</strong></span> <span class='ocrx_word' id='word_1_459' title='bbox 572 3497 597 3544; x_wconf 87' lang='lat' dir='ltr'><strong>et</strong></span> <span class='ocrx_word' id='word_1_460' title='bbox 605 3497 669 3545; x_wconf 86' lang='lat' dir='ltr'><strong>diri·</strong></span> <span class='ocrx_word' id='word_1_461' title='bbox 693 3493 742 3541; x_wconf 84' lang='lat' dir='ltr'><strong>sed</strong></span> <span class='ocrx_word' id='word_1_462' title='bbox 752 3495 864 3543; x_wconf 82' lang='lat' dir='ltr'><strong>horridus</strong></span> <span class='ocrx_word' id='word_1_463' title='bbox 871 3499 896 3545; x_wconf 88' lang='lat' dir='ltr'><strong>ct</strong></span> <span class='ocrx_word' id='word_1_464' title='bbox 906 3499 1013 3546; x_wconf 92' lang='lat' dir='ltr'><strong>incultus</strong></span> <span class='ocrx_word' id='word_1_465' title='bbox 1024 3500 1069 3546; x_wconf 90' lang='lat' dir='ltr'><strong>est.</strong></span> <span class='ocrx_word' id='word_1_466' title='bbox 1077 3500 1161 3547; x_wconf 88' lang='lat' dir='ltr'><strong>Semel</strong></span> <span class='ocrx_word' id='word_1_467' title='bbox 1172 3501 1224 3560; x_wconf 89' lang='lat' dir='ltr'><strong>pla·</strong></span> 
     </span>
     <span class='ocr_line' id='line_1_47' title="bbox 142 3563 1222 3626; baseline 0.008 -18"><span class='ocrx_word' id='word_1_468' title='bbox 142 3574 180 3609; x_wconf 81' lang='lat' dir='ltr'><strong>noe</strong></span> <span class='ocrx_word' id='word_1_469' title='bbox 190 3563 273 3620; x_wconf 86' lang='lat' dir='ltr'><strong>gratiae</strong></span> <span class='ocrx_word' id='word_1_470' title='bbox 283 3563 423 3622; x_wconf 90' lang='lat' dir='ltr'><strong>plenitudo,</strong></span> <span class='ocrx_word' id='word_1_471' title='bbox 434 3577 488 3623; x_wconf 77' lang='lat' dir='ltr'><strong>quas</strong></span> <span class='ocrx_word' id='word_1_472' title='bbox 504 3577 576 3624; x_wconf 84' lang='lat' dir='ltr'><strong>supra</strong></span> <span class='ocrx_word' id='word_1_473' title='bbox 591 3567 669 3613; x_wconf 82' lang='lat' dir='ltr'><strong>maria</strong></span> <span class='ocrx_word' id='word_1_474' title='bbox 694 3563 753 3610; x_wconf 86' lang='lat' dir='ltr'><strong>cuit.</strong></span> <span class='ocrx_word' id='word_1_475' title='bbox 772 3565 896 3624; x_wconf 88' lang='lat' dir='ltr'><strong>Numquid</strong></span> <span class='ocrx_word' id='word_1_476' title='bbox 913 3569 952 3614; x_wconf 85' lang='lat' dir='ltr'><strong>vir</strong></span> <span class='ocrx_word' id='word_1_477' title='bbox 970 3566 1114 3626; x_wconf 89' lang='lat' dir='ltr'><strong>frequenter</strong></span> <span class='ocrx_word' id='word_1_478' title='bbox 1128 3571 1169 3616; x_wconf 85' lang='lat' dir='ltr'><strong>est</strong></span> <span class='ocrx_word' id='word_1_479' title='bbox 1179 3569 1222 3616; x_wconf 87' lang='lat' dir='ltr'><strong>eli-</strong></span> 
     </span>
     <span class='ocr_line' id='line_1_48' title="bbox 141 3630 1223 3696; baseline 0.007 -21"><span class='ocrx_word' id='word_1_480' title='bbox 141 3630 241 3676; x_wconf 87' lang='lat' dir='ltr'><strong>lundata</strong></span> <span class='ocrx_word' id='word_1_481' title='bbox 250 3632 302 3687; x_wconf 89' lang='lat' dir='ltr'><strong>est,</strong></span> <span class='ocrx_word' id='word_1_482' title='bbox 318 3632 382 3678; x_wconf 86' lang='lat' dir='ltr'><strong>sicut</strong></span> <span class='ocrx_word' id='word_1_483' title='bbox 391 3633 455 3679; x_wconf 83' lang='lat' dir='ltr'><strong>dixit</strong></span> <span class='ocrx_word' id='word_1_484' title='bbox 467 3634 588 3692; x_wconf 83' lang='lat' dir='ltr'><strong>Propheta</strong></span> <span class='ocrx_word' id='word_1_485' title='bbox 600 3648 607 3679; x_wconf 80' lang='lat' dir='ltr'><strong>t</strong></span> <span class='ocrx_word' id='word_1_486' title='bbox 619 3638 668 3693; x_wconf 82' lang='lat' dir='ltr'><strong>lpse</strong></span> <span class='ocrx_word' id='word_1_487' title='bbox 693 3632 1032 3695; x_wconf 77' lang='lat' dir='ltr'><strong>gendusicomparemsuum</strong></span> <span class='ocrx_word' id='word_1_488' title='bbox 1043 3635 1124 3682; x_wconf 90' lang='lat' dir='ltr'><strong>ethos</strong></span> <span class='ocrx_word' id='word_1_489' title='bbox 1138 3637 1223 3696; x_wconf 88' lang='lat' dir='ltr'><strong>requi·</strong></span> 
     </span>
     <span class='ocr_line' id='line_1_49' title="bbox 141 3699 1222 3763; baseline 0.007 -21"><span class='ocrx_word' id='word_1_490' title='bbox 141 3711 209 3756; x_wconf 76' lang='lat' dir='ltr'><strong>super</strong></span> <span class='ocrx_word' id='word_1_491' title='bbox 226 3701 304 3744; x_wconf 85' lang='lat' dir='ltr'><strong>maria</strong></span> <span class='ocrx_word' id='word_1_492' title='bbox 313 3699 418 3756; x_wconf 72' lang='lat' dir='ltr'><strong>foedavit</strong></span> <span class='ocrx_word' id='word_1_493' title='bbox 433 3714 494 3747; x_wconf 85' lang='lat' dir='ltr'><strong>eam.</strong></span> <span class='ocrx_word' id='word_1_494' title='bbox 507 3702 584 3748; x_wconf 86' lang='lat' dir='ltr'><strong>Exsili</strong></span> <span class='ocrx_word' id='word_1_495' title='bbox 594 3716 669 3763; x_wconf 89' lang='lat' dir='ltr'><strong>super</strong></span> <span class='ocrx_word' id='word_1_496' title='bbox 692 3702 737 3760; x_wconf 89' lang='lat' dir='ltr'><strong>rit,</strong></span> <span class='ocrx_word' id='word_1_497' title='bbox 747 3703 773 3750; x_wconf 89' lang='lat' dir='ltr'><strong>et</strong></span> <span class='ocrx_word' id='word_1_498' title='bbox 784 3714 860 3761; x_wconf 92' lang='lat' dir='ltr'><strong>equus</strong></span> <span class='ocrx_word' id='word_1_499' title='bbox 870 3703 951 3762; x_wconf 77' lang='lat' dir='ltr'><strong>diligit</strong></span> <span class='ocrx_word' id='word_1_500' title='bbox 958 3716 966 3761; x_wconf 74' lang='grc' dir='ltr'><strong>ς</strong></span> <span class='ocrx_word' id='word_1_501' title='bbox 974 3704 999 3750; x_wconf 87' lang='lat' dir='ltr'><strong>et</strong></span> <span class='ocrx_word' id='word_1_502' title='bbox 1009 3704 1030 3749; x_wconf 92' lang='lat' dir='ltr'><strong>si</strong></span> <span class='ocrx_word' id='word_1_503' title='bbox 1037 3703 1149 3751; x_wconf 86' lang='lat' dir='ltr'><strong>mutetur</strong></span> <span class='ocrx_word' id='word_1_504' title='bbox 1156 3705 1222 3752; x_wconf 91' lang='lat' dir='ltr'><strong>alius</strong></span> 
     </span>
     <span class='ocr_line' id='line_1_50' title="bbox 141 3764 1222 3832; baseline 0.012 -24"><span class='ocrx_word' id='word_1_505' title='bbox 141 3764 226 3822; x_wconf 87' lang='lat' dir='ltr'><strong>undas,</strong></span> <span class='ocrx_word' id='word_1_506' title='bbox 243 3764 354 3822; x_wconf 83' lang='lat' dir='ltr'><strong>ohomn,</strong></span> <span class='ocrx_word' id='word_1_507' title='bbox 365 3767 423 3824; x_wconf 92' lang='lat' dir='ltr'><strong>quia</strong></span> <span class='ocrx_word' id='word_1_508' title='bbox 439 3767 513 3826; x_wconf 90' lang='lat' dir='ltr'><strong>piscis</strong></span> <span class='ocrx_word' id='word_1_509' title='bbox 524 3781 550 3816; x_wconf 88' lang='lat' dir='ltr'><strong>es</strong></span> <span class='ocrx_word' id='word_1_510' title='bbox 562 3783 569 3814; x_wconf 74' lang='grc' dir='ltr'><strong>ε</strong></span> <span class='ocrx_word' id='word_1_511' title='bbox 582 3782 631 3816; x_wconf 91' lang='lat' dir='ltr'><strong>non</strong></span> <span class='ocrx_word' id='word_1_512' title='bbox 643 3773 667 3818; x_wconf 90' lang='lat' dir='ltr'><strong>te</strong></span> <span class='ocrx_word' id='word_1_513' title='bbox 692 3771 775 3817; x_wconf 88' lang='lat' dir='ltr'><strong>tamen</strong></span> <span class='ocrx_word' id='word_1_514' title='bbox 785 3772 884 3819; x_wconf 88' lang='lat' dir='ltr'><strong>trahere</strong></span> <span class='ocrx_word' id='word_1_515' title='bbox 893 3772 980 3831; x_wconf 80' lang='lat' dir='ltr'><strong>jugum</strong></span> <span class='ocrx_word' id='word_1_516' title='bbox 990 3773 1069 3820; x_wconf 89' lang='lat' dir='ltr'><strong>nescit</strong></span> <span class='ocrx_word' id='word_1_517' title='bbox 1075 3785 1178 3832; x_wconf 88' lang='lat' dir='ltr'><strong>compar</strong></span> <span class='ocrx_word' id='word_1_518' title='bbox 1187 3777 1222 3821; x_wconf 86' lang='lat' dir='ltr'><strong>al·</strong></span> 
     </span>
     <span class='ocr_line' id='line_1_51' title="bbox 142 3830 1223 3903; baseline 0.013 -27"><span class='ocrx_word' id='word_1_519' title='bbox 142 3830 279 3889; x_wconf 89' lang='lat' dir='ltr'><strong>opprimant</strong></span> <span class='ocrx_word' id='word_1_520' title='bbox 287 3832 369 3878; x_wconf 74' lang='lat' dir='ltr'><strong>seculi</strong></span> <span class='ocrx_word' id='word_1_521' title='bbox 379 3832 450 3879; x_wconf 86' lang='lat' dir='ltr'><strong>istius</strong></span> <span class='ocrx_word' id='word_1_522' title='bbox 458 3834 561 3882; x_wconf 85' lang='lat' dir='ltr'><strong>ductus:</strong></span> <span class='ocrx_word' id='word_1_523' title='bbox 573 3837 594 3882; x_wconf 89' lang='lat' dir='ltr'><strong>si</strong></span> <span class='ocrx_word' id='word_1_524' title='bbox 605 3839 668 3886; x_wconf 85' lang='lat' dir='ltr'><strong>teru-</strong></span> <span class='ocrx_word' id='word_1_525' title='bbox 693 3839 783 3898; x_wconf 87' lang='lat' dir='ltr'><strong>terius,</strong></span> <span class='ocrx_word' id='word_1_526' title='bbox 792 3840 818 3887; x_wconf 87' lang='lat' dir='ltr'><strong>et</strong></span> <span class='ocrx_word' id='word_1_527' title='bbox 828 3852 854 3887; x_wconf 88' lang='lat' dir='ltr'><strong>se</strong></span> <span class='ocrx_word' id='word_1_528' title='bbox 865 3853 914 3887; x_wconf 89' lang='lat' dir='ltr'><strong>non</strong></span> <span class='ocrx_word' id='word_1_529' title='bbox 924 3842 1003 3888; x_wconf 88' lang='lat' dir='ltr'><strong>totum</strong></span> <span class='ocrx_word' id='word_1_530' title='bbox 1014 3841 1084 3901; x_wconf 86' lang='lat' dir='ltr'><strong>putat</strong></span> <span class='ocrx_word' id='word_1_531' title='bbox 1096 3853 1103 3886; x_wconf 81' lang='lat' dir='ltr'><strong>r</strong></span> <span class='ocrx_word' id='word_1_532' title='bbox 1115 3843 1145 3888; x_wconf 92' lang='lat' dir='ltr'><strong>tu</strong></span> <span class='ocrx_word' id='word_1_533' title='bbox 1154 3841 1223 3903; x_wconf 75' lang='lat' dir='ltr'><strong>juga·</strong></span> 
     </span>
     <span class='ocr_line' id='line_1_52' title="bbox 141 3899 1223 3970; baseline 0.013 -26"><span class='ocrx_word' id='word_1_534' title='bbox 141 3900 221 3957; x_wconf 85' lang='lat' dir='ltr'><strong>postas</strong></span> <span class='ocrx_word' id='word_1_535' title='bbox 232 3900 281 3955; x_wconf 88' lang='lat' dir='ltr'><strong>est,</strong></span> <span class='ocrx_word' id='word_1_536' title='bbox 292 3899 349 3958; x_wconf 87' lang='lat' dir='ltr'><strong>pete</strong></span> <span class='ocrx_word' id='word_1_537' title='bbox 367 3902 444 3947; x_wconf 84' lang='lat' dir='ltr'><strong>altum</strong></span> <span class='ocrx_word' id='word_1_538' title='bbox 460 3903 485 3948; x_wconf 89' lang='lat' dir='ltr'><strong>et</strong></span> <span class='ocrx_word' id='word_1_539' title='bbox 500 3903 648 3961; x_wconf 90' lang='lat' dir='ltr'><strong>profundum</strong></span> <span class='ocrx_word' id='word_1_540' title='bbox 659 3921 666 3953; x_wconf 75' lang='grc' dir='ltr'><strong>ε</strong></span> <span class='ocrx_word' id='word_1_541' title='bbox 693 3908 741 3954; x_wconf 89' lang='lat' dir='ltr'><strong>lem</strong></span> <span class='ocrx_word' id='word_1_542' title='bbox 751 3909 866 3969; x_wconf 85' lang='lat' dir='ltr'><strong>repudias</strong></span> <span class='ocrx_word' id='word_1_543' title='bbox 877 3911 963 3969; x_wconf 91' lang='lat' dir='ltr'><strong>tuum,</strong></span> <span class='ocrx_word' id='word_1_544' title='bbox 973 3909 998 3956; x_wconf 89' lang='lat' dir='ltr'><strong>et</strong></span> <span class='ocrx_word' id='word_1_545' title='bbox 1008 3911 1081 3968; x_wconf 86' lang='lat' dir='ltr'><strong>putas</strong></span> <span class='ocrx_word' id='word_1_546' title='bbox 1091 3922 1158 3970; x_wconf 86' lang='lat' dir='ltr'><strong>saepe</strong></span> <span class='ocrx_word' id='word_1_547' title='bbox 1170 3924 1223 3959; x_wconf 91' lang='lat' dir='ltr'><strong>mu·</strong></span> 
     </span>
     <span class='ocr_line' id='line_1_53' title="bbox 140 3966 1223 4040; baseline 0.016 -29"><span class='ocrx_word' id='word_1_548' title='bbox 140 3968 160 4012; x_wconf 83' lang='lat' dir='ltr'><strong>si</strong></span> <span class='ocrx_word' id='word_1_549' title='bbox 172 3966 303 4026; x_wconf 85' lang='lat' dir='ltr'><strong>serenitas,</strong></span> <span class='ocrx_word' id='word_1_550' title='bbox 320 3969 376 4016; x_wconf 87' lang='lat' dir='ltr'><strong>lude</strong></span> <span class='ocrx_word' id='word_1_551' title='bbox 393 3970 418 4015; x_wconf 89' lang='lat' dir='ltr'><strong>in</strong></span> <span class='ocrx_word' id='word_1_552' title='bbox 433 3969 548 4018; x_wconf 86' lang='lat' dir='ltr'><strong>fluctibus</strong></span> <span class='ocrx_word' id='word_1_553' title='bbox 560 3987 566 4018; x_wconf 90' lang='lat'><strong>:</strong></span> <span class='ocrx_word' id='word_1_554' title='bbox 578 3973 598 4020; x_wconf 88' lang='lat' dir='ltr'><strong>si</strong></span> <span class='ocrx_word' id='word_1_555' title='bbox 610 3986 667 4032; x_wconf 88' lang='lat' dir='ltr'><strong>pro-</strong></span> <span class='ocrx_word' id='word_1_556' title='bbox 692 3975 805 4035; x_wconf 87' lang='lat' dir='ltr'><strong>taudum;</strong></span> <span class='ocrx_word' id='word_1_557' title='bbox 819 3979 844 4023; x_wconf 90' lang='lat' dir='ltr'><strong>et</strong></span> <span class='ocrx_word' id='word_1_558' title='bbox 854 3978 875 4024; x_wconf 92' lang='lat' dir='ltr'><strong>si</strong></span> <span class='ocrx_word' id='word_1_559' title='bbox 884 3989 932 4024; x_wconf 92' lang='lat' dir='ltr'><strong>uno</strong></span> <span class='ocrx_word' id='word_1_560' title='bbox 943 3977 1051 4024; x_wconf 88' lang='lat' dir='ltr'><strong>defuerit</strong></span> <span class='ocrx_word' id='word_1_561' title='bbox 1061 3977 1118 4035; x_wconf 89' lang='lat' dir='ltr'><strong>die,</strong></span> <span class='ocrx_word' id='word_1_562' title='bbox 1133 3991 1223 4040; x_wconf 85' lang='lat' dir='ltr'><strong>super·</strong></span> 
     </span>
     <span class='ocr_line' id='line_1_54' title="bbox 140 4037 1224 4109; baseline 0.014 -28"><span class='ocrx_word' id='word_1_563' title='bbox 140 4037 202 4090; x_wconf 80' lang='lat' dir='ltr'><strong>cella</strong></span> <span class='ocrx_word' id='word_1_564' title='bbox 209 4069 217 4102; x_wconf 82' lang='lat'><strong>,</strong></span> <span class='ocrx_word' id='word_1_565' title='bbox 227 4047 285 4092; x_wconf 84' lang='lat' dir='ltr'><strong>cave</strong></span> <span class='ocrx_word' id='word_1_566' title='bbox 297 4049 309 4085; x_wconf 83' lang='lat' dir='ltr'><strong>a</strong></span> <span class='ocrx_word' id='word_1_567' title='bbox 321 4039 445 4103; x_wconf 84' lang='lat' dir='ltr'><strong>scopuloso</strong></span> <span class='ocrx_word' id='word_1_568' title='bbox 457 4038 552 4100; x_wconf 85' lang='lat' dir='ltr'><strong>littore,</strong></span> <span class='ocrx_word' id='word_1_569' title='bbox 564 4054 595 4097; x_wconf 86' lang='lat' dir='ltr'><strong>nc</strong></span> <span class='ocrx_word' id='word_1_570' title='bbox 607 4044 629 4094; x_wconf 87' lang='lat' dir='ltr'><strong>tc</strong></span> <span class='ocrx_word' id='word_1_571' title='bbox 641 4042 666 4094; x_wconf 81' lang='lat' dir='ltr'><strong>in</strong></span> <span class='ocrx_word' id='word_1_572' title='bbox 692 4043 870 4098; x_wconf 75' lang='lat' dir='ltr'><strong>ducisrinalem</strong></span> <span class='ocrx_word' id='word_1_573' title='bbox 879 4080 885 4109; x_wconf 83' lang='lat'><strong>,</strong></span> <span class='ocrx_word' id='word_1_574' title='bbox 895 4046 918 4095; x_wconf 80' lang='lat' dir='ltr'><strong>ct</strong></span> <span class='ocrx_word' id='word_1_575' title='bbox 926 4045 1008 4096; x_wconf 79' lang='lat' dir='ltr'><strong>statim</strong></span> <span class='ocrx_word' id='word_1_576' title='bbox 1016 4045 1139 4107; x_wconf 79' lang='lat' dir='ltr'><strong>incognita</strong></span> <span class='ocrx_word' id='word_1_577' title='bbox 1149 4059 1224 4105; x_wconf 76' lang='lat' dir='ltr'><strong>cansa</strong></span> 
     </span>
    </p>
   </div>
   <div class='ocr_carea' id='block_1_9' title="bbox 0 0 1380 4806">
    <p class='ocr_par' dir='ltr' id='par_1_13' title="bbox 0 0 1380 4806">
     <span class='ocr_line' id='line_1_55' title="bbox 0 0 1380 4806; baseline 0 1"><span class='ocrx_word' id='word_1_578' title='bbox 0 0 1380 4806; x_wconf 95' lang='lat' dir='ltr'><strong> </strong></span> 
     </span>
    </p>
   </div>
  </div>
 </body>
</html>
