2752 4806
324 362 958 456 nssscosnrvrnsssasu'nrssnfflr.
1132 380 1177 430 soa
1248 386 1251 390 ’

230 468 401 537 1(ἎῙἮΤ
412 483 484 536 ν’,
565 460 567 465 ’
649 461 733 511 sumus
743 461 842 526 spirita.
854 459 949 526 Spiritu
958 458 1176 525 tribulosissimam
1257 517 1261 526 .

96 563 623 674 Qib'iiffiiffls'iffffssisffldissii‘iffiffi
647 601 888 659 spirituscnnsum
902 598 1178 661 neumago-sumus

115 682 171 711 cum
189 675 233 724 qno
248 686 286 716 nos
300 679 364 716 etiam
381 680 452 728 mori,
463 689 588 729 resurgere,
602 685 623 718 et
648 666 1177 729 caromortua'propter-pcccatumsipiritus

119 727 333 768 'mmm
491 746 492 751 ¹
519 730 521 735 “
552 733 554 736 ’
647 747 706 782 vero
716 736 784 784 vivat
793 735 1115 796 propterjmuncationem
1148 731 1177 799 ‘j

126 797 165 848 ti.
176 801 248 849 Enoo
259 800 287 849 ut
296 800 327 849 ad
338 803 439 852 exordia
449 803 569 852 sermonis
577 802 623 852 bu·
674 804 713 852 is.
728 805 769 852 Sic
784 805 851 865 quod
867 804 920 854 erat
935 804 1088 865 impossibiie
1102 802 1177 864 lagi,

93 864 134 925 ius
151 865 323 930 revertamur,
341 880 412 918 ruens
429 870 494 918 bona
512 871 622 932 est-quae
647 873 752 920 solutum
765 874 818 933 est,
830 874 851 921 si
867 874 894 921 in
904 869 994 935 spiritu
1006 872 1179 930 ambulemus,-

95 933 170 984 babet
186 936 358 987 tractationem
374 939 493 999 rationis,
503 937 622 989 etintcm
646 940 667 986 si
687 941 812 1000 passiones
832 939 1021 1000 sepelivimus,
1035 939 1057 987 si
1077 949 1177 986 crucem

95 1001 133 1050 dit
148 1005 276 1064 sapientias
291 1005 435 1064 disciplinis
452 1018 460 1052 a
479 1006 524 1054 sed
540 1008 622 1066 gravis
643 1007 721 1065 >buius
735 1009 843 1068 corporis
853 1020 902 1055 non
917 1008 1082 1067 resolvamus,
1092 1005 1114 1054 'si
1124 1005 1177 1053 cbi-

94 1069 161 1120 lucta
171 1071 209 1122 est
217 1073 241 1120 ei
252 1085 308 1121 curn
317 1075 403 1122 mortis
411 1086 526 1134 corpore,
537 1075 622 1135 etple-
646 1076 794 1135 rographum
804 1075 903 1135 peccati
911 1076 977 1136 qnod
987 1074 1097 1123 deletum
1105 1073 1178 1122 estin

94 1151 198 1200 rumque
211 1141 333 1200 rationem
346 1142 438 1190 mentis
452 1143 532 1190 vincit
542 1144 622 1190 carnis
647 1153 719 1190 cruce
724 1144 835 1202 timisti,
847 1156 897 1191 non
913 1143 1091 1203 rescribamus,
1102 1142 1123 1190 si
1134 1153 1189 1202 vs·-

93 1206 220 1257 iilecebra.
239 1211 268 1257 ut
285 1210 343 1258 ideo
354 1211 473 1258 Dominus
483 1211 563 1271 primo
575 1213 622 1259 Le·
646 1211 821 1259 terisbominis
834 1212 953 1260 amictum
961 1224 1036 1272 quem
1043 1209 1180 1271 exuimus,

10 1295 13 1304 ·
93 1289 150 1336 gem
167 1279 252 1337 dedit,
264 1279 304 1326 cui
315 1279 504 1327 mens’bominis
519 1292 572 1327 sese
590 1281 622 1327 ad
646 1290 695 1325 non
714 1279 852 1327 induamus.
868 1280 991 1340 Scriptum
1010 1279 1048 1327 est
1066 1279 1135 1326 enim
1149 1277 1178 1326 in

93 1345 314 1408 obtemperandum
334 1346 418 1408 dedit,
441 1348 466 1395 et
484 1347 508 1394 ei
528 1349 620 1396 servire
645 1346 953 1396 Canticisaiiuuituaicom
960 1347 1178 1407 mcum,uuomodo

94 1415 184 1475 coepit,
200 1414 229 1461 ut
239 1416 303 1463 esset
313 1413 411 1463 subdita
423 1428 430 1461 τ
442 1415 485 1464 ssd
496 1429 552 1463 caro
562 1417 621 1464 sub·
646 1417 741 1464 induam
751 1415 822 1464 cumi
830 1418 890 1464 Lusi
896 1419 964 1477 pedes
971 1429 1035 1464 meos
1039 1447 1048 1473 ,
1060 1416 1177 1476 quomodo

92 1483 159 1540 jecta
177 1495 227 1530 non
245 1486 310 1543 erat3
327 1484 385 1544 quia
402 1485 523 1544 sapientia
540 1485 620 1532 carnis
644 1485 771 1544 inquinabo
788 1484 842 1534 cosi
857 1484 1000 1533 Mortificata
1013 1484 1090 1545 igitur
1103 1483 1178 1532 nobis

94 1561 145 1597 non
154 1553 192 1599 est
202 1553 261 1612 Legi
271 1552 383 1613 subdita,
392 1553 418 1600 et
428 1552 558 1612 praeceptis
566 1554 619 1612 ejus
644 1553 703 1600 sunt
719 1546 827 1612 corporis
837 1552 961 1611 membra,
972 1565 1016 1600 cur
1026 1551 1080 1610 ejus
1090 1551 1176 1610 pullu·

92 1621 253 1679 repugnabat.
270 1617 321 1668 Non
336 1621 404 1668 enim
420 1621 517 1680 poterat
531 1621 618 1669 virtuti
643 1620 695 1668 lant
713 1620 795 1669 vitiat
811 1621 869 1668 ideo
887 1622 940 1669 Lex
960 1632 1011 1668 non
1028 1619 1176 1679 praevaluit,

92 1687 209 1748 obedire,
220 1689 397 1749 cupiditatibus
406 1689 503 1748 dedita,
515 1689 541 1737 et
550 1690 619 1738 leno·
642 1687 700 1747 quia
719 1700 820 1736 carnem
841 1700 891 1736 nan
914 1687 1072 1736 mortificavit
1089 1699 1098 1732 a
1118 1686 1177 1734 ideo

93 1755 165 1804 ciniis
181 1758 318 1806 carnalibus
332 1757 465 1818 implicata.
478 1758 537 1806 ldeo
550 1760 618 1808 tabo·
643 1755 712 1814 quasi
724 1757 811 1803 umbra
827 1755 963 1816 praeteriit,
974 1756 1033 1815 quia
1048 1766 1097 1801 non
1108 1754 1176 1805 coio-

92 1826 197 1873 randum
210 1825 260 1886 est,
269 1827 298 1874 ut
310 1827 439 1874 teneamus
449 1827 495 1874 Dei
506 1829 617 1887 gratiam.
643 1823 725 1871 ravit:
737 1824 794 1871 ideo
819 1824 895 1873 etiam
917 1823 1074 1872 obumbravit
1091 1837 1138 1872 nos
1158 1835 1175 1872 a

93 1891 160 1941 biens
172 1895 255 1953 itaque
265 1895 344 1952 bona,
354 1895 376 1941 si
387 1894 477 1960 rationi
488 1893 617 1943 intendat:
643 1893 693 1938 sole
699 1891 818 1951 iustitias,
829 1893 889 1953 quia
897 1891 1052 1943 coacervavit
1059 1892 1173 1942 crimina.

93 1961 137 2007 scd
146 1973 231 2019 parum
243 1961 366 2021 perfecta,
376 1961 425 2007 nisi
434 1961 525 2007 babeat
532 1962 622 2020 guber·
644 1958 705 2018 Ergo
715 1960 743 2007 et
752 1960 840 2008 abiait.

32 2076 35 2081 ,
93 2030 182 2075 nacula
199 2029 298 2077 Christi.
320 2029 395 2076 Venit
416 2028 484 2075 enim
501 2029 620 2078 Dominus

92 2095 177 2156 iesus,
193 2090 339 2157 dubiosum
356 2097 481 2156 passiones
492 2098 559 2144 cruci
570 2111 620 2148 suae
813 2073 946 2128 CAPUT
961 2075 1016 2125 W·

92 2163 217 2226 attigeret,
236 2167 338 2226 peccata
358 2165 460 2212 donaret
479 2176 486 2211 ε
505 2165 532 2212 in
550 2167 620 2225 cujus
644 2165 1175 2216 mamurgssssrepurruetussoepecuniosam-

81 2234 171 2281 morte
186 2234 314 2292 justificati
325 2245 421 2293 sumus;
433 2234 462 2280 ut
470 2233 537 2281 totus
547 2240 620 2282 mun-
664 2221 755 2284 saonem,
764 2232 788 2261 ²⁰
801 2221 1040 2310 ¹¹i¹¹¹¹i¹¹¹ff⁶¹¹¹2³¹¹¹t¹lss⁰
1052 2222 1073 2257 ⁰²
1082 2220 1176 2310 ‘3³¹¹'ss

93 2301 619 2363 duetusmunoareursansuue·neonus
665 2272 1175 2376 :tiis{tiidttsiibatidztitit

93 2369 120 2417 ili
131 2372 209 2419 inorte
219 2371 295 2431 ipsius
304 2370 421 2430 baptizati
433 2383 526 2418 sumus.
665 2380 822 2419 beneficiorum
832 2379 916 2418 bonum
923 2387 1072 2418 concessorum
1080 2386 1176 2416 mamc-

127 2441 162 2488 t8.
174 2441 199 2487 Si
206 2441 283 2502 igitur
291 2441 318 2486 in
329 2439 396 2486 iliius
403 2440 481 2502 morte
490 2439 619 2488 dimittun-
667 2436 757 2472 rarione.

92 2509 134 2556 tur
150 2504 221 2557 nobis
237 2510 354 2569 peccata,
373 2508 449 2554 etiam
463 2509 619 2566 peccatorum
673 2514 712 2560 20.
723 2514 788 2572 Qum
799 2513 875 2574 igitur
884 2527 945 2575 opus
955 2514 1042 2577 iuitut
1051 2514 1106 2562 Lex
1115 2515 1174 2574 pro-

93 2578 164 2624 nubis
173 2579 297 2636 passiones
308 2578 333 2623 in
344 2576 412 2624 illius
422 2577 501 2623 morte
511 2578 618 2623 morian·
644 2583 805 2642 mulgeretur,
817 2583 838 2630 si
848 2582 976 2643 protutura
987 2596 1037 2630 non
1048 2583 1116 2640 crati
1126 2584 1175 2630 iia·

92 2646 148 2706 tur,
164 2647 231 2694 illius
242 2648 322 2693 crucis
332 2645 409 2692 clavis
426 2643 506 2690 aiiixae
517 2643 620 2691 tenean-
644 2649 761 2696 bebamus
767 2651 818 2708 jam
826 2652 907 2710 legem
917 2654 1024 2710 naturam
1039 2652 1171 2700 eratenim

92 2716 142 2762 tur.
161 2709 187 2760 Si
206 2714 310 2761 inillius
324 2714 403 2760 morte
419 2711 509 2758 mortni
522 2719 619 2771 sumus,
644 2719 817 2778 unusquisque¹
831 2720 879 2766 sibi
900 2722 958 2780 lex,
973 2721 1016 2780 qui
1032 2733 1093 2780 opus
1111 2721 1175 2779 legis
1191 2711 1192 2714 ’

92 2783 154 2843 quid
172 2783 263 2831 ite'rum
277 2785 402 2842 tamquam
416 2780 530 2828 viventes
545 2781 576 2826 ad
591 2793 619 2828 ea
644 2787 762 2845 scriptum
779 2787 888 2834 babebat
902 2788 928 2835 in
947 2789 1021 2835 corde
1040 2801 1092 2836 suo.
1104 2789 1176 2839 illam

91 2867 147 2912 quae
166 2852 222 2899 sunt
239 2851 362 2899 mundano
379 2848 541 2897 revocamur?
556 2850 621 2908 Quid
645 2866 693 2900 non
703 2848 834 2904 ,tenuimus
845 2868 852 2902 ε
865 2868 910 2903 cur
925 2855 1060 2903 addebatur
1076 2857 1176 2904 etalte-

92 2915 620 2976 uobiscumelementishm'usmundiiQuid
645 2933 686 2979 ra,
697 2922 723 2967 in
740 2922 809 2980 cuius
823 2923 940 2983 operibus
957 2919 1014 2970 ca'ro
1024 2935 1074 2971 non
1091 2925 1176 2984 posset

91 3001 148 3037 curn
167 2985 358 3049 cupiditatibus?
370 2986 435 3045 Quid
453 2996 508 3032 cum
521 2986 620 3032 luxuria
643 2990 786 3048 iustificari?
797 2993 904 3040 Accessit
915 2993 1057 3053 vincutum,
1068 3004 1117 3041 non
1135 3000 1175 3042 so-

648 533 760 592 spiritnm
776 533 867 581 curisti
883 533 1033 593 accepimm.
1050 532 1076 580 Si
1092 532 1178 580 sutem
1271 562 1274 569 ·

92 3051 274 3117 atqnelascivia
284 3056 374 3117 quibus
384 3068 440 3102 cum
449 3055 544 3101 christo
554 3069 620 3103 mor·
645 3061 705 3118 tutio
716 3073 723 3104 t
735 3059 817 3107 addita
835 3062 873 3108 est
889 3061 1049 3122 peccatorum
1064 3061 1185 3123 agnitio,
1258 3063 1261 3069 '
1279 3054 1288 3066 '

92 3127 134 3188 tui,
145 3125 243 3174 sumus?
258 3125 330 3184 Quod
347 3125 368 3172 si
383 3136 468 3171 suanus
482 3123 509 3170 in
524 3123 619 3173 abruto
644 3139 693 3174 non
711 3126 830 3176 remissio.
851 3128 1009 3179 Peccavimus
1029 3140 1113 3176 omnes
1130 3131 1175 3189 qui

92 3196 197 3254 mortui,
214 3195 239 3240 in
249 3195 343 3243 cbristo
354 3193 534 3241 resurreximus
545 3206 552 3238 i
564 3205 619 3240 cum
644 3197 784 3256 poteramus
809 3197 1003 3257 excusationem,
1020 3197 1176 3256 praetendere

91 3263 186 3310 cbristo
207 3263 282 3324 igitur
301 3275 428 3311 versemur
439 3275 446 3307 a
459 3274 514 3309 cum
524 3262 619 3310 Christo
644 3277 689 3325 per
710 3265 870 3324 ignorantiam
885 3278 893 3310 a
910 3276 937 3312 os
959 3264 1112 3313 obstructum
1134 3265 1174 3312 est

92 3335 218 3392 superiora
225 3346 280 3392 quae
290 3332 362 3390 sunt,
373 3343 422 3377 nou
432 3343 487 3389 quae
499 3331 621 3390 corrupti·
644 3332 766 3380 omnibus.

92 3400 153 3447 bilia
163 3400 188 3446 et
198 3400 296 3460 terreno
307 3410 453 3458 queramus.
464 3397 574 3444 cbristus
582 3409 621 3444 re·
674 3399 713 3447 it.
724 3399 818 3448 Profuit
833 3399 916 3447 brnen
926 3400 1004 3458 mibi,
1022 3399 1086 3459 coepi
1097 3400 1174 3447 coni

91 3481 194 3529 surgens
211 3480 225 3514 a
243 3467 347 3515 mortuis
364 3465 475 3513 veterem
491 3464 620 3512 bominem
644 3467 692 3513 teri
713 3467 778 3526 quod
798 3468 919 3527 negabam
940 3480 947 3511 t
969 3468 1032 3526 coepi
1055 3466 1173 3516 delictum

91 3537 195 3585 aibxum
205 3537 273 3584 cruci
284 3533 401 3594 reliquit,
414 3545 506 3580 novum
515 3534 621 3581 resusci·
645 3546 728 3580 meum
737 3546 890 3592 cognoscere,
903 3534 1085 3591 etinjustitiam
1092 3547 1173 3584 meam

91 3606 163 3655 tavit.
179 3606 287 3654 Cirristus
301 3604 357 3651 ideo
368 3602 479 3650 mortuus
494 3601 546 3662 est,
557 3603 621 3651 utet
644 3613 694 3649 non
710 3602 806 3662 operire
819 3615 825 3648 ι
838 3603 902 3662 coepi
912 3603 1074 3663 pronunciare
1084 3603 1174 3653 adver·
1208 3597 1212 3606 “

90 3686 137 3724 nos
151 3678 252 3734 peccato
262 3684 430 3732 moreremur,
441 3669 493 3717 Deo
507 3681 621 3729 resurge·
645 3684 684 3718 sus
700 3683 740 3718 mc
758 3669 905 3728 injustitiam
921 3684 1000 3720 meam
1018 3674 1174 3736 Domino‚‘et

90 3755 183 3791 minus.
200 3743 295 3789 Mortua
313 3740 351 3788 est
369 3751 426 3788 caro
441 3738 541 3798 nostra,
560 3739 620 3798 qnid
645 3741 671 3788 tu
683 3739 800 3787 remisisti
811 3739 952 3801 impietates
962 3743 1041 3790 cordis
1052 3743 1112 3792 mei.
1124 3745 1173 3794 Sed

86 3812 184 3860 iterum
191 3811 292 3872 peccato
302 3807 444 3857 reviviscit?
454 3807 517 3865 Quid
527 3806 619 3855 iterum
645 3809 669 3856 et
678 3809 739 3855 illud
748 3807 812 3854 mihi
821 3808 936 3868 prodest,
945 3811 1011 3870 quod
1024 3823 1073 3859 nou
1081 3812 1173 3870 justiti-

90 3877 304 3940 peccato'obediti
314 3877 378 3937 Quid
389 3879 480 3926 iterum
490 3876 620 3937 peccatum
644 3891 728 3925 carnus
746 3889 778 3924 ex
797 3878 912 3938 operibus
928 3880 1008 3938 Legis.
1024 3881 1075 3926 Nou
1092 3881 1173 3926 babeo

90 3950 179 4009 regnat
190 3950 216 3995 iu
227 3948 342 4007 mortuis,
354 3959 409 3996 oum
419 3958 485 3994 mors
494 3945 550 3994 tinis
560 3958 620 4006 pec·
644 3947 720 4006 igitur
731 3946 799 4012 unde
820 3947 919 4005 gloriari
937 3947 962 3993 in
980 3945 1094 4004 operibus
1109 3947 1171 3996 ineis

90 4019 140 4067 cati
151 4016 200 4067 siti
208 4016 297 4128 iiiortui
309 4028 394 4063 samus
408 4025 495 4072 carne,
507 4015 618 4064 renovati
644 4016 750 4076 possim,
762 4026 811 4064 non
819 4015 898 4063 habco
907 4016 973 4064 uude
984 4013 1135 4124 mciggtcm
1145 4013 1170 4062 ct
