2752 4806
293 575 588 655 -EDITORUM
621 573 933 654 ADMONITIO.

117 1013 292 1067 Exornannrs
301 998 408 1067 duobus
418 1010 495 1067 hisce
503 1011 601 1082 primis
613 1011 754 1077 Patribus,
767 1011 908 1066 Bernardo
916 1008 1045 1077 videlicet
1054 1014 1083 1068 et
1093 1015 1160 1069 Am·

85 1097 190 1162 orosio,
203 1099 261 1152 tota
272 1111 372 1168 opera,
384 1101 443 1154 toto
456 1099 547 1154 studio
559 1097 842 1153 incubuimus-Porro
853 1099 882 1152 in
894 1098 1059 1154 editionibus
1070 1102 1160 1157 Beue·

84 1182 269 1252 dictinorum,
281 1187 315 1240 ut
331 1199 429 1240 verum
444 1183 598 1250 fateamur,
610 1184 741 1240 nonnulla
751 1185 936 1252 restituimus,
949 1187 1075 1256 quaedam
1086 1188 1158 1244 male

83 1273 224 1328 intellecta
241 1270 452 1342 redarguimus,
469 1273 550 1341 plura
567 1272 746 1328 correximus.
759 1272 802 1327 Ac
812 1270 884 1329 forte
901 1273 1065 1343 quibusdam
1075 1274 1158 1343 paulo

83 1359 216 1427 audacior
237 1359 378 1414 videbitur
398 1360 491 1414 nostra
511 1359 667 1427 temeritas,
684 1360 759 1431 quod
775 1354 993 1418 doctissimorum
1015 1360 1157 1415 lrominmn
1242 1433 1260 1440 Μ

82 1447 165 1502 lrodie
185 1447 371 1513 sacrosancta,
391 1448 424 1502 ut
444 1445 483 1502 ita
499 1446 637 1513 dicamus,
661 1447 751 1514 edita,
779 1447 1156 1518 impiamanupraesnmpse·

82 1535 169 1589 rimus
181 1533 339 1590 emendare.
352 1535 439 1588 Tanta
451 1533 494 1590 est
505 1534 580 1589 enim
592 1536 620 1590 s.
633 1534 775 1590 Benedicti
787 1533 1158 1591 monachorumlama'scien-
1219 1558 1222 1562 ·

83 1623 128 1677 tiae
144 1621 334 1692 doctrinaeque
345 1619 487 1690 probatio,
500 1621 577 1690 tanta
592 1621 622 1674 in
639 1634 755 1691 operum
769 1621 940 1678 correctione
957 1620 1113 1690 diligentia,
1125 1621 1158 1674 ut

82 1712 251 1782 quicumque
268 1710 342 1780 apud
358 1709 419 1765 illos
435 1706 480 1765 vel
497 1709 660 1765 tenuissima
676 1709 778 1765 menda
792 1709 970 1774 indicaverit,
982 1708 1093 1763 veniam
1106 1720 1157 1777 pro

82 1799 182 1853 talibus
193 1797 268 1853 ausis
280 1810 379 1868 rogare
390 1810 463 1867 pene
476 1796 586 1853 debeat.
599 1796 654 1853 Sed
665 1811 757 1869 neque
768 1797 876 1852 textum
886 1810 937 1866 pro
949 1794 1063 1850 arbitrio
1073 1794 1155 1848 trun-

81 1900 160 1952 care,
178 1899 271 1955 neque
282 1883 483 1953 corrumpere,
502 1898 593 1954 neque
613 1883 781 1952 interpolare
803 1897 927 1954 unquam
943 1881 1022 1936 nobis
1039 1880 1154 1946 accidit3

81 1971 244 2041 quinimmo
257 1969 282 2024 si
299 1970 409 2040 quando
420 1970 547 2025 voculam
558 1970 705 2026 immutare
715 1969 806 2025 visum
817 1968 890 2039 tuit,
905 1970 958 2024 hoc
969 1969 1078 2023 tantum
1088 1979 1153 2022 mss.

80 2059 108 2113 et
120 2058 188 2113 edit.
199 2055 326 2127 praesidio
338 2055 545 2127 aggredientes,
557 2069 667 2125 semper
678 2054 707 2110 in
715 2056 810 2110 notula
821 2052 1155 2123 admonuimus.Denique

80 2147 114 2202 de
123 2145 365 2202 Benedictinorum
373 2145 444 2199 notis
453 2158 486 2200 ac
496 2143 879 2214 praefationibushoctantnm
889 2136 1155 2212 servavimuquuod

79 2232 115 2286 ad
125 2231 277 2287 faciliorem
289 2220 381 2286 textus
394 2230 605 2302 intelligentiam
617 2245 730 2286 necesse
743 2230 822 2285 foret.
838 2230 867 2285 Si
881 2228 944 2299 quis
955 2231 1049 2285 antem
1061 2229 1090 2281 in
1101 2228 1153 2282 hac

79 2320 171 2372 nostra
188 2314 309 2374 editione
328 2318 387 2373 sive
410 2332 539 2373 mancum
561 2317 688 2388 aliquod,
711 2317 771 2372 sive
787 2317 933 2381 omissum,
950 2315 1009 2370 sive
1025 2312 1153 2369 vitiatum

78 2403 320 2468 animadverterit,
336 2418 459 2470 oramus,
471 2404 590 2474 publicae
605 2403 719 2459 utilitati
737 2416 792 2457 non
804 2401 936 2456 invideat.
949 2403 1074 2470 Namque
1087 2412 1152 2453 cor·
1190 2428 1193 2431 -

79 2490 229 2545 rectionem
245 2491 280 2544 ab
292 2491 420 2546 omnibus
436 2490 629 2558 haud-ingrato
644 2489 737 2546 animo
747 2487 932 2558 excipiemus,
946 2485 1054 2558 ipsique
1064 2485 1153 2540 liben-

78 2574 351 2634 teremendalrimur.
394 2578 398 2583 “
1205 2574 1208 2579 ’
