2752 4806
336 400 379 452 Dl}
397 404 562 452 diuturna
577 405 791 452 annnnmrh
810 406 911 451 maun
930 405 1029 450 UNUS.
1177 403 1221 452 581

143 484 208 549 gam.
217 485 405 537 Circumtullant
415 503 455 538 me
464 489 538 539 iacies
547 490 671 539 calamita·
698 501 770 536 cens:
784 491 827 537 Est
837 490 936 549 languor
948 491 1037 547 anolus,
1047 501 1113 549 pacm
1122 489 1171 536 uidi
1180 488 1224 537 sub

142 552 387 615 tum,'ae'mmnarum
398 559 494 606 chorus.
697 558 757 614 sole,
772 559 863 605 divitica
879 559 989 605 custodiri
1005 558 1032 604 in
1047 558 1137 604 molum
1150 558 1224 616 posci-

173 625 213 672 25.
232 626 320 673 Ferina
335 627 388 675 haec
409 629 490 675 rabies
507 627 557 686 est,
579 627 671 685 eligere
697 628 827 690 mutuam.
845 625 1010 692 Sedfortasso
1021 625 1107 673 redeas
1125 624 1225 688 domum

143 698 217 752 truem
233 695 322 742 tradas.
336 696 402 743 Ferae
414 695 474 755 ipsae
490 709 546 743 cum
561 693 672 754 pericula
698 693 789 741 etcum
800 707 878 741 uxore
890 693 999 741 conteras
1013 695 1071 740 ailla
1079 694 1104 741 te
1115 693 1226 739 hortetur

143 761 273 809 imminere
285 764 349 822 proli
360 777 388 812 ac
401 765 448 811 sibi
460 763 585 821 sentiunt,
593 761 673 809 solent
697 761 725 809 ut
743 763 849 810 redimas
860 763 1045 811 venumdatum.
1057 763 1134 808 Immo
1149 761 1228 820 magis

144 829 236 888 eligere
244 843 304 890 quos
311 832 427 893 liberent,
434 845 484 880 non
491 846 552 893 quos
560 831 671 879 oderant.
697 829 835 879 hortabitur
843 833 871 879 ut
881 832 1000 878 mundum
1009 831 1156 878 muliebrem
1166 841 1228 876 con*

143 897 268 956 Quomodo
276 900 351 958 igitur
359 900 495 947 discernam
505 901 618 947 affectum
628 910 672 944 na·
698 898 776 958 teras,
787 901 852 947 unde
869 901 939 959 potes
950 901 990 947 vel
1001 912 1077 959 parvo
1090 909 1227 958 pauperem

143 961 223 1014 turae?
244 967 369 1026 Quomodo
388 969 533 1028 obliviscar,
553 967 672 1028 quomodo
698 967 812 1014 liberare.
822 969 866 1015 llla
874 968 921 1016 tibi
930 968 1040 1027 imponet
1048 968 1172 1032 sumtuum
1181 978 1228 1012 ne-

146 1046 235 1084 exuam
249 1038 326 1096 patris
342 1034 470 1085 mentem!
487 1039 612 1097 Quomodo
627 1036 673 1083 iiiii
699 1037 850 1096 cessitatem,
867 1038 896 1083 ut
907 1049 1002 1096 gemma
1021 1035 1107 1095 bibat,
1117 1035 1144 1082 iu
1162 1036 1227 1082 ostro

145 1105 283 1153 auctionem
304 1105 469 1171 constituam}
487 1109 539 1167 Quo
560 1118 672 1154 sermone
699 1103 853 1164 dormiat,in
862 1106 980 1164 argentea
990 1100 1082 1164 sponda
1090 1103 1227 1167 recumbat,

144 1174 253 1233 paciscar
260 1174 486 1234 pretiuthuibus
493 1177 587 1222 tradam
595 1175 674 1220 mani·
699 1185 758 1219 auro
773 1172 859 1221 oneret
869 1185 971 1232 manus,
988 1173 1110 1221 ceruicem
1127 1171 1227 1218 mouili⁴

143 1239 190 1290 bus
200 1243 226 1288 in
235 1243 380 1290 servitutem
390 1244 468 1290 tilium
476 1241 486 1288 l
493 1243 587 1301 Quibus
597 1241 674 1289 oculis
699 1240 753 1288 bus.

143 1310 277 1370 adspiciam
292 1311 460 1359 servientem?
474 1312 569 1370 Quibus
585 1309 675 1358 osculis
729 1311 768 1358 26.
782 1312 942 1359 Delectantur
957 1311 982 1359 et
1001 1311 1159 1371 compedibus
1173 1323 1228 1358 mu·

144 1377 282 1427 discedenti
302 1379 457 1428 valedicam?
472 1381 565 1440 Quibus
581 1380 674 1427 iactum
699 1376 791 1438 lieres,
813 1379 944 1427 dummodo
963 1393 1021 1427 auro
1039 1381 1155 1440 ligentur.
1176 1381 1227 1428 Non

144 1455 262 1496 excusem
273 1447 445 1498 sermonibus!
454 1446 516 1511 Fili,
528 1463 572 1510 ego
589 1449 614 1495 te
630 1459 674 1507 pro
699 1449 785 1507 putant
796 1461 869 1496 onera
885 1461 950 1507 esse,
960 1450 981 1496 si
993 1449 1099 1507 pretiosa
1110 1449 1228 1497 sintznon

144 1530 201 1565 meo
216 1519 270 1565 cibo
284 1520 395 1567 vendidi.
406 1521 534 1568 runestior
552 1532 609 1578 ergo
623 1517 674 1578 jam
700 1517 842 1564 existimant
854 1517 952 1564 vincula
964 1530 1030 1576 esse,
1043 1518 1063 1564 si
1075 1517 1102 1563 in
1116 1518 1156 1565 his
1171 1519 1228 1565 the-

144 1587 260 1647 pauperis
274 1600 372 1648 mensa,
383 1602 455 1648 quam
471 1589 564 1638 divitis.
576 1589 620 1635 ille
632 1586 675 1634 ad-
700 1584 766 1631 sauri
778 1585 916 1631 coruscent.
928 1586 1058 1632 Delectant
1069 1586 1094 1632 et
1110 1586 1227 1643 vulnera3

144 1653 206 1701 dicit
224 1655 332 1715 alienos,
344 1669 388 1715 ego
406 1670 490 1704 meum
508 1657 588 1704 vendo
607 1669 614 1701 τ
630 1655 673 1701 ille
699 1652 727 1698 ut
738 1666 824 1700 aurum
835 1652 935 1700 auribus
952 1655 1087 1710 inseratur,
1100 1653 1231 1712 etmarga·

143 1724 316 1788 necessitatem
328 1725 434 1785 imponit
450 1739 457 1772 a
475 1739 520 1786 ego
531 1725 614 1772 adiero
630 1736 674 1770 ro·
699 1717 755 1769 ritae
779 1721 944 1780 dependeant.
963 1722 1060 1768 liabent
1078 1721 1104 1767 et
1127 1733 1229 1781 gemmeo

143 1791 275 1840 luntatem.
284 1793 315 1840 Ut
325 1793 357 1841 sit
366 1795 530 1841 excusabilior
538 1807 624 1853 causa,
633 1792 675 1839 ad·
700 1791 808 1849 pondera
819 1803 875 1848 sua,
886 1790 979 1838 habent
990 1793 1015 1838 et
1025 1791 1174 1838 vestimenta
1186 1790 1230 1837 fri-

142 1857 227 1918 iiciam
237 1875 244 1906 :
255 1860 315 1920 Fili,
326 1874 370 1919 pro
381 1861 498 1908 fratribus
509 1862 558 1908 tuis
569 1861 674 1918 servies,
700 1872 756 1917 gora
773 1873 825 1907 sua.
837 1859 943 1907 Sudatur
962 1860 987 1906 in
999 1855 1115 1919 gemmis,
1135 1860 1231 1919 algetur

144 1928 174 1972 ‘ut
191 1927 239 1973 illis
255 1928 394 1985 quaerantur
405 1929 530 1974 alimenta.
543 1928 571 1975 Et
586 1928 675 1985 loseph
701 1922 728 1972 in
739 1928 837 1985 sericis;
846 1930 929 1975 tamen
937 1929 1016 1987 pretia
1026 1929 1115 1986 juvant
1124 1943 1130 1974 :
1140 1931 1165 1975 et
1175 1943 1230 1989 qum

145 1994 285 2041 airatribus
293 1996 344 2042 suis
354 1996 378 2042 in
388 1995 531 2044 servitutem
541 1991 676 2042 venumda·
702 1995 788 2040 natura
799 1997 939 2053 aversatur,
951 1997 1105 2042 commendat
1116 1998 1229 2044 avaritia.
1306 2048 1311 2054 ,

145 2064 186 2111 tus
195 2065 337 2124 est,postea
348 2066 374 2112 et
384 2066 449 2125 ipsos
460 2067 485 2112 et
495 2066 589 2124 patrem
598 2065 675 2123 pavit.
701 2061 857 2122 Smaragdos,
874 2063 899 2109 et
916 2063 1074 2122 hyacinthos,
1094 2055 1232 2125 beryllum,

145 2131 315 2191 Respondebit
325 2134 349 2180 et
360 2133 403 2180 ille
415 2133 477 2181 :Sed
489 2146 537 2179 non
550 2146 605 2180 eum
618 2146 677 2178 verr·
702 2131 828 2190 achatem,
839 2133 971 2191 toparyon,
989 2132 1168 2192 amethystum,
1180 2134 1231 2192 jus-

145 2199 210 2247 didit
221 2200 304 2259 pater,
313 2202 338 2248 at
348 2201 417 2249 flevit
428 2201 543 2247 amissum
553 2214 558 2246 :
570 2201 612 2248 sed
622 2213 677 2259 pos·
703 2199 758 2257 pin,
770 2199 880 2256 sardion,
897 2213 991 2247 summo
1005 2201 1117 2259 quaerunt
1131 2200 1230 2249 lurore:

146 2266 188 2316 tea
207 2267 283 2316 etiam
307 2271 359 2328 ipse
380 2272 406 2316 in
427 2269 573 2328 potestatem
593 2269 677 2317 divitis
702 2268 742 2314 vel
751 2267 769 2313 si
781 2267 910 2314 dimidium
919 2269 1232 2330 patrimoniipetatur,non

146 2337 230 2397 venit,
240 2338 265 2385 et
273 2335 317 2386 vix
329 2339 409 2397 potuit
420 2336 528 2385 liberari.
539 2341 624 2386 Postea
634 2352 677 2398 ge·
702 2335 806 2394 parcunt
822 2337 962 2396 dispendio,
973 2337 1031 2382 dum
1048 2337 1175 2398 indulgent
1191 2353 1233 2387 cu-

147 2410 193 2453 nus
211 2406 265 2464 ejus
283 2406 379 2452 divitiis
396 2406 492 2465 AEgypti
511 2406 587 2453 multa
605 2408 676 2453 aetate
703 2405 810 2463 piditati.
827 2404 878 2450 Non
894 2405 973 2451 abnuo
990 2406 1087 2464 gratum
1102 2409 1232 2465 quemdam

148 2475 261 2522 servivit.
270 2475 356 2521 Vende
367 2488 406 2522 me
417 2476 546 2534 postremo,
555 2477 677 2535 pater,ea
703 2469 813 2531 lapidum
832 2473 933 2519 istorum
957 2485 1010 2519 esse
1032 2471 1167 2535 fulgorem,
1188 2477 1232 2525 aed

148 2543 302 2601 conditione,
313 2556 345 2590 ne
357 2543 447 2590 divites
464 2546 555 2590 emant.
703 2542 911 2600 tameulapidum.
919 2543 948 2589 ut
956 2543 1003 2602 ipsi
1012 2544 1232 2593 admoneutcontra

178 2608 217 2656 al.
225 2611 298 2670 Haesi,
309 2610 388 2659 iateor
397 2625 498 2659 :verum
506 2612 565 2672 quid
575 2611 678 2660 faciam?
705 2610 817 2656 naturam
829 2610 949 2670 expoliti,
960 2614 988 2660 ut
999 2625 1113 2659 saxorum
1124 2613 1233 2674 depone-

147 2674 248 2726 Nullum
258 2681 383 2728 vendam?
401 2681 450 2728 Sed
462 2682 519 2728 dum
529 2693 606 2727 uuum
621 2695 679 2728 con-
704 2679 761 2725 rent
770 2679 1234 2742 asperitatem‚rigoremmagismentis

148 2749 244 2808 sidero,
256 2763 341 2797 omnes
352 2752 442 2799 videbo
453 2753 518 2798 inme
536 2755 677 2810 pereuntes.
705 2759 758 2794 esse
769 2749 957 2809 expoliendum,
968 2740 1172 2811 quamlapidum.

147 2816 175 2865 Si
187 2831 264 2864 unum
281 2819 390 2877 tradam,
402 2820 492 2878 quibus
503 2820 579 2866 oculis
590 2819 679 2866 videbo
934 2845 1002 2858 —

148 2889 250 2935 caeteros
260 2888 289 2935 de
298 2901 352 2935 mea
363 2889 492 2948 impietate
503 2888 679 2948 suspectos‚ne
874 2902 1003 2956 CAPUT
1020 2906 1074 2957 VI,

148 2955 211 3001 alios
229 2967 326 3014 quoque
338 2955 462 3003 vendam?
472 2957 524 3015 Quo
536 2957 629 3015 pudore
640 2969 680 3003 re-

148 3023 246 3082 grediar
254 3024 352 3070 domum
360 3025 369 3070 ξ
377 3025 501 3082 Quomodo
510 3025 604 3072 intrabo
611 3022 620 3069 ἓ
628 3026 680 3084 Quo
706 3003 777 3054 Quam
794 3004 856 3042 nulla
864 3005 890 3042 sit
902 3015 968 3052 opum
981 3006 1075 3044 efficacia
1085 3017 1091 3046 r
1105 3010 1126 3045 et
1134 3016 1176 3047 cur
1187 3008 1233 3048 ines

448 3093 453 3103 ,
501 3093 505 3103 ,
529 3093 535 3104 ,
673 3094 678 3104 ,
728 3059 809 3096 divitiae
823 3060 1164 3107 appellenturiMiserioremesse
1176 3063 1234 3102 divi-

149 3087 267 3139 habitabo
291 3093 394 3152 31166111,
413 3106 456 3151 qul
474 3091 537 3139 mihi
562 3093 680 3152 abnegavi
728 3115 777 3149 {um
789 3123 855 3160 qugm
871 3114 1028 3161 mancipiorum
1041 3118 1236 3157 servitutemgubi

149 3159 239 3218 filium,
248 3172 321 3218 quem
330 3173 379 3206 non
387 3161 485 3208 morbus
493 3161 620 3220 absumsit,
630 3174 679 3209 non
727 3166 787 3202 rocus
801 3166 1128 3214 hicEvangelir.q1uop0nm...,
1141 3171 1234 3210 datiuum

148 3241 216 3276 mors
226 3227 402 3286 abstulittQua
411 3231 560 3277 conscientia
569 3232 680 3278 conside·
702 3250 709 3257 *
728 3217 795 3256 horrea
804 3230 856 3261 ’Μ’
865 3224 899 3257 ⁶¹⁰·
907 3219 939 3267 ¹³¹⁰
950 3231 974 3258 ³⁰
982 3221 1075 3259 ‘³⁰⁸⁰‘st
1085 3225 1220 3271 expenditur.

104 3355 108 3361 Ι
149 3297 210 3344 rabo
230 3306 339 3343 mensam
357 3309 450 3355 meam,
466 3311 538 3356 quam
557 3299 621 3346 sicut
637 3313 680 3346 no-
736 3293 775 3342 ai.
787 3300 848 3355 Qurs
860 3300 947 3346 artilex
959 3313 1036 3346 unum
1048 3301 1114 3347 diem
1124 3302 1237 3349 vitaehu-

150 3365 217 3412 vella
228 3366 349 3412 olivarum
359 3366 386 3412 iu
398 3365 503 3412 circuitu
519 3366 555 3413 tot
565 3367 610 3413 ulii
627 3381 681 3415 res·
707 3365 781 3411 minis
796 3367 876 3425 potuit
892 3366 1042 3425 adjungeret
1053 3369 1130 3424 Quem
1142 3369 1236 3418 divitiae

150 3434 255 3483 tiebant.
708 3435 760 3492 ejus
768 3435 798 3480 ab
808 3434 894 3481 interis
903 3436 1159 3496 redemeruntidujus
1166 3439 1237 3497 aegri·

182 3501 222 3548 15.
232 3503 289 3550 Haec
298 3515 391 3561 pauper
398 3504 423 3551 te
433 3505 553 3563 praesente
562 3503 680 3564 deplorat,
708 3503 817 3549 tudinem
823 3503 928 3562 pecunia
935 3503 1128 3561 mitigavittll'on
1134 3507 1237 3554 inoduo-

152 3568 179 3618 ct
200 3571 247 3618 tibi
270 3572 373 3618 avaritia
391 3584 476 3619 aurem
501 3573 618 3632 obstruit,
637 3587 682 3620 nec
707 3572 953 3629 documentorum,
970 3571 1237 3641 inquIt,oitoejus.Et

152 3647 224 3686 mens
236 3639 277 3685 tua
287 3637 344 3684 lacti
353 3639 501 3686 miserabilis
510 3640 610 3687 horrore
621 3642 682 3687 mol·
708 3639 768 3685 alibi
786 3652 793 3684 r
811 3640 876 3689 Nihil
892 3643 990 3700 prosunt
1007 3641 1111 3689 thesauri
1127 3643 1236 3702 injustis:

151 3707 222 3754 litur.
233 3707 418 3766 Totuspopulus
431 3707 683 3767 ingerniscit,etsolus
704 3709 893 3767 justitto'uolcm
911 3709 994 3756 liberat
1018 3724 1033 3756 o
1050 3713 1132 3758 niorto.
1152 3713 1238 3760 blerito

154 3775 225 3821 dives
235 3786 283 3821 non
302 3775 422 3834 flecteris,
435 3776 562 3823 necandis
574 3777 683 3837 Scriptu-
709 3778 798 3825 clamat
812 3778 933 3836 Propheta
949 3790 956 3822 ε
970 3780 1063 3827 navatae
1079 3782 1101 3828 ci
1115 3783 1238 3841 adfluunt,

148 3855 207 3890 ram
219 3842 360 3889 dicentem:
373 3845 446 3891 Perde
459 3847 581 3904 pecuniam
590 3849 684 3905 propter
709 3848 777 3893 nolite
786 3859 956 3906 coropponcre.
966 3846 1029 3905 Quid
1037 3847 1105 3895 enim
1113 3850 1175 3896 milri
1183 3861 1239 3907 pro·

153 3915 268 3974 fratrem,
285 3915 307 3960 et
325 3916 441 3972 anticum,
458 3918 479 3962 ct
494 3929 542 3962 raon
558 3917 684 3964 abscondas
709 3918 778 3974 sunt,
790 3916 861 3964 sime
878 3929 892 3962 a
906 3918 984 3965 morte
1000 3918 1106 3966 liberare
1123 3931 1170 3964 nou
1181 3928 1239 3975 pos-

154 3994 208 4028 cam
218 3981 260 4028 sub
279 3982 353 4041 lapide
368 3983 393 4027 ia
408 3985 515 4030 mortem.
524 3985 553 4031 Et
562 3983 619 4044 quia
634 3997 683 4031 nun
709 3985 854 4044 suntiQuid
862 3985 921 4032 mihi
931 3988 1046 4045 prosunt,
1055 3986 1076 4032 si
1083 3997 1177 4031 mecum
1184 3984 1239 4043 post

155 4047 240 4110 audis,
257 4047 314 4097 ideo
334 4049 457 4096 exclamat
472 4051 629 4102 Ecclesiastes
646 4054 685 4101 di·
709 4054 813 4101 mortom
832 4065 887 4102 esse
901 4051 1078 4113 non-possunt?
1093 4053 1138 4098 llic
1153 4051 1240 4112 acqui-
