2752 4806
212 428 241 472 ln
595 420 725 466 ssnu'rl
745 419 921 464 Amsnosu

209 505 309 554 videtur
319 504 350 553 de
361 501 666 562 loceeredcre‚vldetene
674 501 736 550 torte
763 501 810 548 Dei
828 502 854 548 ct
877 499 1031 561 protectione
1053 497 1217 559 visitabatur,
1238 515 1302 561 quos·

208 573 335 621 volatilem
345 573 435 620 terram
456 572 590 619 debeamus
601 571 737 629 aestimare,
762 569 887 617 bominem
898 581 947 616 uon
963 568 1086 628 habebat,
1102 569 1204 627 propter
1218 582 1295 628 quem

208 655 262 703 quse
273 642 423 688 nonhabens
433 639 736 699 fundamentsnn,aiarum
762 639 881 686 Dominus
897 638 1034 698 respiceret
1051 637 1079 683 in
1102 638 1209 695 terram,
1229 638 1296 684 sicut

207 711 319 770 remigiis
336 709 541 776 suspendebatur.
557 709 628 756 Unde
640 721 697 768 orgo
713 708 737 754 ei
762 708 880 767 scriptum
897 708 936 756 est
949 719 956 755 ι
971 708 1087 756 Dominus
1105 708 1207 766 respexit
1226 719 1296 765 super

208 781 259 826 alas
276 790 417 837 sumemus,
432 779 481 826 nisi
498 778 561 825 torte
579 779 627 825 buc
640 778 737 825 derive-
761 777 819 832 iilios
829 777 959 833 leoninum,
968 778 994 823 ul
1001 777 1157 824 videretstest
1165 776 1296 834 intelligens

207 861 262 895 rnus
271 848 409 908 prophetici
421 849 542 896 sermonis
553 847 738 907 interpretatio⁴
761 848 935 906 usercensem
949 843 1043 893 monci
1068 845 1100 890 Et
1117 843 1178 890 alibi
1193 843 1295 890 aitzlle

206 915 737 978 sierntdpconislesvoeprodioiuaudivimus?
761 917 816 962 coelo
830 915 950 973 jaculatus
966 917 1000 962 est
1010 914 1144 973 judicium:
1162 916 1226 960 beru
1245 915 1296 960 sre-

206 987 236 1035 Et
247 986 308 1033 illud
320 999 328 1032 t
339 988 381 1036 Voe
398 991 465 1034 terroe
477 989 572 1034 nonium
581 985 678 1046 peunoe?
690 986 738 1032 Sed
762 986 846 1031 multet
853 986 945 1044 quievit.
954 983 1079 1031 Etsnerito
1087 981 1229 1040 invisibilis,
1235 981 1295 1039 quis

206 1055 252 1101 hoc
261 1056 281 1102 si
299 1055 462 1115 accipiamus,
474 1054 501 1101 in
512 1068 559 1114 quo
570 1067 627 1102 aero
639 1048 737 1102 volabat
761 1052 934 1111 incomposita,
952 1064 1007 1112 quae
1023 1051 1126 1111 figuram
1141 1050 1167 1098 et
1184 1050 1301 1110 speciem-

75 1162 78 1171 .
160 1159 167 1175 ,
206 1123 291 1170 terra?
306 1124 365 1170 Sine
381 1134 439 1170 nere
450 1125 518 1169 enim
529 1125 612 1171 velare
629 1135 679 1169 non
694 1135 737 1182 po-
761 1122 935 1178 congruentem
953 1120 1035 1167 adbuc
1058 1131 1108 1167 non
1131 1121 1262 1180 acceperat
1280 1128 1295 1164 s

206 1195 284 1251 terat,
296 1193 340 1239 sed
351 1205 394 1240 aer
404 1192 485 1239 adhuc
496 1205 550 1239 esse
564 1204 613 1238 non
624 1192 735 1251 poterat,
761 1189 858 1248 proprio
870 1189 1006 1236 conditore.

206 1260 325 1319 quianon
338 1262 391 1308 erat
401 1261 454 1307 sine
465 1273 548 1307 rerum
566 1261 669 1308 materia
685 1261 737 1307 ele·
790 1258 830 1304 27.
841 1257 981 1305 Etlortasse
990 1255 1089 1304 dicant:
1098 1256 1296 1304 CurenimDeus

206 1331 347 1376 mentorum
368 1330 432 1377 lacta
451 1329 591 1388 distinctio,
611 1342 666 1376 curn
684 1330 735 1388 ipsa
761 1325 824 1373 sicut
835 1326 900 1373 dixit
910 1328 936 1373 et
947 1326 1011 1373 lacta
1022 1327 1093 1384 suut,
1107 1337 1157 1373 non
1167 1325 1243 1372 simul
1253 1337 1296 1372 or·

206 1398 288 1446 adhuc
308 1399 431 1445 elementa
448 1398 512 1445 lacta
527 1410 576 1444 non
588 1399 676 1446 essent.
689 1399 736 1444 Ubi
760 1397 832 1442 nutus
849 1408 968 1455 congrues
984 1396 1170 1454 assurgentibus
1191 1394 1296 1442 donavit

120 1488 122 1493 .
207 1477 264 1524 ergo
276 1467 328 1513 erat
346 1465 450 1513 materia
461 1465 508 1512 ista
526 1467 620 1512 alarum
638 1465 736 1512 sullulta
761 1466 905 1525 elementis3
918 1465 988 1525 quasi
1006 1465 1190 1525 nonpotuerit,
1202 1464 1295 1511 coelum

206 1534 331 1593 remigiis?
349 1536 376 1581 ln
394 1546 451 1581 aere
470 1547 520 1582 nen
536 1534 602 1593 erat,
618 1534 676 1594 qnia
694 1546 736 1581 aer
760 1535 904 1593 insignitum
915 1535 994 1582 stellis
1005 1535 1087 1582 subite
1097 1535 1126 1581 ut
1133 1534 1246 1580 creatum
1255 1533 1296 1580 est

206 1613 293 1660 corpus
305 1602 342 1649 est
357 1601 442 1648 mundi
454 1615 460 1647 ι
476 1615 563 1661 corpus
581 1603 664 1650 antem
683 1615 735 1649 esse
760 1604 896 1664 refulgere,
907 1606 933 1652 et
944 1604 1046 1651 floribus
1058 1617 1086 1651 ao
1098 1602 1295 1651 iruciibusterra

205 1681 289 1717 nerem
300 1671 372 1719 docet
383 1671 470 1730 lectio,
481 1672 539 1730 quia
551 1670 638 1718 emissa
649 1671 736 1729 sagitto
760 1672 861 1719 vestitit
870 1673 953 1720 Potuit
964 1673 1065 1731 ulique,
1076 1671 1120 1719 sed
1136 1671 1193 1718 ideo
1211 1671 1294 1730 primo

206 1737 232 1783 in
245 1738 341 1799 locum,
352 1751 425 1799 quern
435 1739 555 1796 jaculator
565 1740 686 1798 intendit,
697 1740 736 1786 in·
761 1738 838 1798 lacta,
856 1741 941 1800 pestes
960 1741 1095 1799 composita
1120 1739 1295 1799 declarantium

206 1805 271 1853 cisus
286 1819 328 1854 aer
347 1808 430 1855 statim
442 1809 474 1855 iu⁴
488 1808 596 1868 seipsum
614 1809 736 1855 resolutus
760 1821 791 1858 ne
802 1821 861 1856 vere
880 1810 990 1857 mereata
1002 1814 1027 1857 et
1040 1811 1094 1858 sine
1105 1808 1227 1869 principie
1237 1821 1296 1856 cre·

206 1876 252 1922 est.
264 1876 310 1922 Ubi
319 1889 376 1936 ergo
387 1877 441 1923 erat
452 1877 524 1937 byle,
534 1878 582 1924 nisi
594 1878 656 1925 lorte
672 1878 736 1925 dics·
760 1878 894 1938 detentus,
906 1879 926 1926 si
937 1880 1034 1938 species
1050 1891 1134 1926 rerum
1144 1877 1214 1926 velut
1224 1878 1295 1936 inge·

205 1943 247 1990 tur
257 1945 362 2003 quadam
381 1946 492 1992 dementi
511 1946 664 2005 intentione,
677 1947 735 2005 quia
760 1951 851 1996 neratae
872 1949 904 1995 ab
921 1948 1009 2007 initio,
1030 1961 1081 1995 nun
1100 1947 1186 2008 postea
1201 1947 1295 1996 addite

205 2013 232 2059 in
242 2014 294 2060 Deo
305 2014 373 2062 erati
381 2017 443 2076 Ergo
454 2016 537 2068 Deus,
548 2015 591 2074 qni
603 2017 640 2063 est
650 2016 735 2063 invisi·
761 2017 912 2065 viderentur.
924 2018 1088 2078 incomposita
1103 2018 1170 2065 terra
1186 2016 1295 2075 legitur,

205 2081 263 2130 bilis
273 2085 367 2132 naturus
378 2087 451 2145 utque
463 2084 628 2144 inviolabilis,
640 2085 682 2144 qui
696 2085 736 2131 lu·
760 2086 785 2133 et
806 2086 894 2134 iisdem
914 2099 928 2134 a
950 2087 1104 2147 philosophis
1125 2085 1292 2143 eternitatis,

204 2163 259 2198 cem
270 2153 365 2201 habitat
375 2154 585 2211 inaccessibilem,
597 2155 736 2213 incompre-
760 2155 849 2213 quibus
876 2156 960 2216 Deus,
977 2157 1119 2216 privilegiis
1139 2155 1294 2212 ‘honoratum

205 2219 335 2268 henslbilis
345 2222 371 2269 et
382 2223 527 2282 purissimus
543 2221 656 2281 spiritus,
668 2223 735 2268 locus
760 2223 819 2282 quid
837 2224 949 2273 dicerent
965 2227 989 2273 si*
1002 2227 1033 2273 ab
1044 2225 1117 2272 initio
1127 2223 1182 2282 ejus
1196 2224 1294 2282 pulcri-

205 2291 258 2336 erat
269 2291 379 2338 materiae
389 2291 535 2349 mundialis,
548 2292 573 2339 et
582 2293 635 2339 erat
645 2293 672 2338 in
682 2292 735 2338 Deo
760 2293 819 2338 tudo
833 2294 978 2342 vernasset?
988 2296 1107 2342 Demersa
1118 2294 1189 2354 equis
1199 2293 1294 2340 descri-

204 2359 292 2418 mpndi
302 2361 398 2420 portio,
409 2373 466 2407 cum
481 2360 512 2407 de
526 2360 573 2407 buc
583 2360 674 2407 mundo
684 2373 734 2407 non
760 2361 840 2419 bitur,
850 2364 920 2410 velut
933 2365 1031 2412 cuidam
1042 2364 1221 2424 principiorum
1233 2375 1294 2411 suo-

205 2426 238 2472 sit
248 2439 295 2474 nec
303 2440 372 2475 mens
380 2429 534 2476 servulorum
543 2429 683 2487 eius,sicut
693 2431 735 2477 bs·
758 2441 814 2477 rum
824 2430 920 2480 addicta
928 2432 1071 2492 namrsgio,
1080 2433 1193 2480 etsdhuc
1204 2443 1302 2479 anon.

204 2494 291 2543 bemus
311 2499 431 2557 scriptum
446 2511 453 2543 τ
466 2501 501 2545 De
519 2499 562 2545 boc
579 2501 666 2547 muodo
687 2513 734 2548 oon
759 2500 833 2546 nullis
842 2500 905 2548 lacte
914 2513 965 2548 non
976 2502 1101 2560 creditur3
1113 2499 1173 2561 quid
1183 2501 1204 2548 si
1216 2500 1293 2547 deco-

204 2566 267 2621 suut,
279 2566 338 2612 sicut
353 2569 375 2612 et
385 2579 426 2625 epo
436 2579 485 2612 noo
495 2580 547 2614 nam
558 2568 585 2613 de
596 2570 691 2615 muodo.
758 2577 811 2614 rem
820 2567 1012 2628 primogenitum
1023 2566 1174 2619 vindicaret!
1188 2566 1294 2614 Accedit

234 2631 273 2678 26.
292 2632 501 2689 Quemadmodum
520 2647 578 2693 ergo
599 2636 733 2684 invisibilia
759 2635 1153 2696 illud‚quodimitatoresn0ssui
1162 2637 1295 2683 lleusesse

204 2700 358 2762 visibilibus,
372 2702 399 2750 et
409 2701 433 2749 ei
444 2704 486 2762 qui
498 2703 611 2750 ordinem
621 2717 649 2751 ac
661 2705 734 2752 deco·
758 2704 850 2762 voluit,
858 2705 886 2752 ut
893 2706 973 2765 primo
982 2706 1101 2754 iaciamus
1107 2705 1293 2773 eliqua,⁴posten

154 2773 159 2786 '
204 2782 257 2816 rem
269 2771 369 2820 donavit
379 2772 507 2831 omnibus,
519 2772 683 2832 incomposita
693 2787 735 2822 co-
758 2773 930 2833 venustemus3
945 2787 978 2822 ne
993 2775 1053 2823 dum
1071 2774 1145 2822 simul
1157 2774 1292 2830 utrumque

203 2840 369 2898 pulabanturt
379 2841 427 2888 nisl
439 2841 649 2902 fortequiadixit‚
660 2847 734 2891 Terra
758 2841 895 2900 adorimur,
906 2843 1025 2891 neutrum
1035 2843 1158 2903 pessimus
1172 2840 1291 2900 implere.

204 2912 282 2956 ostem
290 2912 341 2957 net
348 2911 475 2958 ivsoisibilis.
483 2911 512 2957 Et
520 2911 672 2959 invisibilem
680 2924 733 2958 eam
759 2910 830 2956 Fides
840 2913 923 2958 antem
932 2914 1013 2960 nostra
1024 2912 1130 2972 quedam
1139 2910 1216 2971 gradu
1223 2921 1293 2956 cres-

114 2988 115 2993 *
204 2991 249 3037 per
258 2979 419 3027 substantiam
431 2980 546 3038 credaut3
559 2980 585 3026 et
603 2980 659 3027 ideo
676 2981 734 3038 quia
759 2977 801 3023 cit.
822 2978 879 3024 ldeo
894 2980 974 3038 primo
985 2980 1045 3028 lecit
1055 2982 1138 3041 Dens,
1152 2978 1238 3040 postea
1248 2990 1293 3026 ve·

164 3048 169 3078 ³
204 3049 274 3106 aquis
285 3048 384 3107 operta,
396 3049 504 3096 visibilis
516 3048 639 3108 corporeis
657 3050 734 3096 ocrrlis
759 3046 881 3106 nustavit,
890 3049 917 3095 ut
928 3050 1043 3096 eumdem
1053 3050 1182 3098 credamus
1189 3060 1293 3097 ornasse

204 3114 258 3164 esse*
268 3129 319 3163 non
336 3117 445 3176 poterat,
463 3117 669 3175 quomadmodum
682 3120 734 3177 ple-
758 3117 801 3173 qui
812 3115 885 3177 lecit,
895 3120 922 3165 et
933 3118 1020 3166 iecisse
1031 3121 1074 3179 qui
1085 3120 1197 3177 ornavit3
1209 3131 1241 3165 ne
1252 3119 1293 3164 al-

203 3198 279 3244 raque
291 3185 317 3232 in
326 3184 573 3245 prolundoaquarum
581 3185 641 3244 sila,
652 3187 734 3234 visum
759 3186 840 3231 terum
850 3187 966 3245 putemus
976 3201 1088 3248 ornasse,
1101 3190 1207 3236 alterurn
1219 3199 1293 3233 cren-

204 3256 345 3314 oculornm,
363 3254 491 3314 aciemque
509 3256 667 3314 praetereant.
682 3257 734 3303 Non
758 3254 822 3302 visse
835 3268 842 3301 :
854 3256 1021 3304 sedeumdem
1029 3259 1160 3318 utrumque
1169 3269 1222 3304 esse
1231 3267 1292 3315 ope·

204 3322 272 3370 enim
280 3325 334 3370 Dee
345 3324 440 3383 aliquid
456 3324 595 3385 invisibile,
611 3324 654 3372 sed
664 3338 734 3373 crea·
758 3323 852 3382 ratnm3
864 3325 892 3371 ut
903 3325 982 3384 primo
1001 3325 1107 3384 iaceret,
1118 3327 1203 3385 postea
1221 3337 1292 3371 com-

203 3394 260 3438 tura
277 3392 363 3439 mundi
382 3395 501 3440 creaturae
520 3392 609 3453 ntique
627 3394 734 3441 aestima·
758 3394 874 3453 poneret,
884 3396 914 3441 ut
924 3395 1029 3442 alterum
1046 3396 1123 3442 altero
1135 3393 1291 3441 crederetur.

202 3462 271 3510 tione
282 3463 404 3510 censetur.
417 3461 552 3510 Invisibilis
564 3461 640 3510 etiam
651 3464 732 3524 terra,
759 3461 838 3510 llabes
853 3463 879 3508 in
895 3463 1028 3521 Evangelio
1043 3463 1117 3522 buius
1133 3462 1171 3509 rei
1187 3461 1292 3510 evidens

203 3531 378 3588 quianondnm
388 3531 433 3578 lux
440 3537 495 3592 qnae
503 3530 734 3580 illuminaretmun-
759 3531 935 3579 testimoninm.
954 3533 1015 3579 Nam
1037 3533 1198 3581 suscitaturus
1215 3532 1293 3576 baza-

204 3597 277 3655 dum,
295 3601 404 3647 nondum
415 3600 465 3651 sol:
483 3603 569 3661 postea
583 3603 650 3649 enim
661 3603 735 3650 lumi·
757 3614 813 3648 rum
824 3602 958 3661 Dominus,
967 3602 1041 3660 iussit
1052 3603 1079 3650 nt
1087 3603 1165 3650 Judaei
1175 3613 1293 3649 remove-

204 3665 275 3710 naria
285 3665 349 3712 iacta
359 3669 417 3714 sunt
426 3669 492 3714 coeli.
502 3670 572 3727 Quod
588 3670 610 3715 si
621 3671 679 3717 solis
694 3683 733 3717 ra·
758 3672 813 3718 rent
824 3670 931 3730 lapidem
944 3672 976 3719 de
987 3672 1114 3731 sepulcro,
1124 3671 1153 3718 nt
1164 3671 1291 3717 mertuum

204 3733 260 3779 dius
275 3735 422 3794 plerumque
434 3737 509 3783 etiam
525 3738 595 3797 aquis
605 3740 691 3798 operta
702 3741 733 3786 il-
759 3740 886 3798 videntes,
902 3740 987 3799 postea
1007 3740 1181 3788 resuscitatum
1201 3738 1292 3785 crede-

203 3799 324 3859 luminat,
336 3802 363 3849 et
377 3803 500 3861 profundo
510 3818 589 3852 mersu
604 3807 732 3865 splendore
758 3809 822 3855 rent.
841 3808 936 3856 Deinde
948 3809 1046 3857 vocavit
1063 3811 1195 3866 Lazarum,
1206 3808 1232 3855 et
1248 3819 1291 3854 re·

204 3869 304 3918 luminis
317 3871 355 3918 sui
370 3873 466 3931 prodit3
474 3873 693 3933 quisdubitetboo
704 3888 733 3923 es
758 3876 878 3935 surrexit,
891 3878 916 3924 et
927 3878 1009 3936 ligatis
1020 3878 1134 3924 manibus
1145 3879 1170 3924 et
1180 3875 1290 3935 pedibus

203 3952 257 3998 quae
268 3939 295 3987 in
310 3939 429 4000 profundo
442 3942 513 4001 sunt,
530 3943 665 3990 invisibilia
680 3957 733 3992 esse
744 3936 748 4000 Ι
759 3945 822 3991 exiit
839 3944 911 3992 ieras.
933 3948 1021 3993 Nonne
1041 3938 1139 4006 poterat
1158 3957 1290 3991 removere

203 4015 252 4054 non
262 4020 346 4069 posse,
358 4008 406 4057 nisi
418 4011 479 4058 l'orio
491 4012 526 4058 sic
536 4012 733 4070 accipiamusiu-
759 4013 877 4072 lapidem,
891 4016 933 4074 qui
956 4016 1054 4075 poterat
1069 4016 1194 4062 mortuum
1209 4012 1290 4060 susci·

205 4078 328 4132 visibilem
344 4080 448 4142 terrum,
464 4082 529 4142 ‹pued
539 4083 646 4130 nondum
657 4084 732 4133 verbo
760 4082 860 4132 tareibt
871 4084 913 4144 qui
925 4084 1005 4144 potuit
1015 4083 1130 4134 defuncto
1145 4082 1220 4132 vitam
1232 4081 1289 4128 reil-
