2752 4806
415 416 476 474 ,bn
494 419 559 465 non
578 418 620 464 ur
640 419 731 464 nncn
747 418 851 463 nornen
866 419 963 481 unns.
1002 469 1004 472 Α
1197 415 1240 463 ici
1265 457 1267 461 ,

160 492 221 544 silis
244 495 369 547 tramitem
392 500 491 549 virtutis
514 501 589 549 ductu
611 501 689 548 secuti
715 500 767 547 sine
776 501 827 548 sole
836 499 889 548 dies
897 500 1022 558 ducimus,
1030 497 1174 546 norlossine
1184 501 1243 546 luna

160 566 232 626 sunt,
240 568 387 627 corruptele
398 568 551 618 declinantes
560 569 687 618 consortia.
714 580 764 614 non
782 568 894 628 placent3
914 567 962 627 ipsi
981 566 1048 613 enim
1068 567 1128 631 sunt
1143 567 1244 626 quidam

161 618 481 698 liaecautemarua,ulpote
491 638 689 698 indilurio,huc
714 630 800 683 mnndi
807 630 997 683 oculisslletrabe'
1005 633 1132 682 stellarum
1139 634 1243 693 lumina,

160 701 234 761 atque
244 704 303 751 illuc
313 706 381 753 motu
396 706 571 767 impellebatur
581 707 689 765 incertu3
714 704 741 750 ct
755 704 866 774 quaedam
875 704 920 771 sest
936 703 962 749 in
977 703 1039 749 coele
1054 702 1108 761 ipso
1127 701 1245 749 cecitatis

159 779 191 815 eo
200 770 265 828 quod
280 772 438 830 peccatorum
447 774 525 822 status
534 774 632 821 mobilis
642 773 689 834 sit,
714 771 864 819 deformitas.
878 769 925 817 Pili
941 770 989 830 ipsi
1007 770 1050 830 qui
1066 769 1151 816 orbem
1162 770 1245 816 oculo-

161 836 260 886 etrite
277 831 363 888 eorum
378 842 484 901 quodam
498 843 689 891 redundantium
713 850 768 885 rum
784 837 943 898 ,praetexunt
968 839 995 885 et
1018 836 1088 888 velut
1113 835 1244 896 quamdam

157 905 297 963 passionum
309 908 404 957 diluvio
413 911 566 970 corruptioni
577 911 689 960 obnoxiae
713 906 792 953 aciem
802 905 974 966 praetendunt,
984 918 1018 954 ne
1028 905 1099 952 sorde
1108 904 1192 964 aliqua
1203 905 1244 951 vol

158 983 242 1022 tinore
252 975 403 1025 inconstanti
413 973 543 1038 vagentur.
713 973 824 1031 pulveris
843 972 948 1031 caligine
971 973 1066 1032 pupilla
1083 971 1198 1029 laedatur3
1217 973 1245 1019 et
1304 985 1325 1008 -·

189 1038 227 1088 fl.
244 1043 294 1091 Nec
319 1044 383 1091 illud
399 1046 605 1104 pretereundum
623 1047 690 1106 quod
713 1041 761 1100 ipsi
785 1040 915 1099 excipiunt
936 1039 957 1086 si
975 1041 1035 1100 qnid
1054 1038 1130 1087 fuerit
1148 1040 1244 1087 illatum

157 1119 215 1154 cnm
226 1108 346 1159 dixissetr
357 1115 390 1160 nt
399 1114 471 1172 facies
482 1127 565 1161 ascum
576 1116 690 1162 trecento·
713 1108 778 1167 qnod
790 1109 889 1155 oculum
899 1108 976 1168 possit
990 1109 1090 1156 ledere.
1103 1107 1129 1154 Si
1139 1107 1245 1168 lippitu-

155 1188 212 1224 rum
221 1178 354 1226 martorum
366 1181 524 1239 romonem,
535 1184 558 1228 ,r
572 1183 690 1240 chnpna-
714 1174 771 1221 dine
779 1175 942 1233 intercidant,
950 1188 1025 1234 quam
1036 1175 1151 1236 dedecet,
1160 1175 1180 1222 si
1191 1176 1245 1235 pal·

155 1244 373 1302 ornraounnonm
396 1249 531 1303 unicorne,
548 1251 569 1295 er
592 1251 689 1309 triptota
713 1241 789 1299 pebra
815 1242 962 1304 contractior
979 1242 1068 1302 ruent,
1087 1243 1109 1290 ⁸1
1126 1243 1243 1290 radantur

155 1311 290 1364 maioma
300 1315 435 1372 murmane,
446 1315 541 1363 aaaron
556 1328 563 1361 ε
576 1317 688 1377 corripere
712 1309 843 1367 supercilia
861 1323 916 1370 uuae
930 1311 1096 1370 pretiosorum
1112 1311 1242 1357 monilium

154 1378 230 1436 {acres
245 1389 342 1438 meam,
359 1385 382 1430 ,t
396 1385 421 1430 r„
432 1383 507 1431 wapro
517 1385 687 1432 commane,
711 1376 793 1434 specie
804 1378 874 1425 reiut
884 1377 980 1425 intexta
990 1378 1094 1438 gemmis
1102 1378 1240 1438 refulgenti

153 1461 358 1499 emmerammo:
371 1452 686 1512 utrellquocorparimen-
740 1443 779 1490 ¹9·
798 1445 900 1491 Aurium
918 1457 1016 1506 qnoque
1041 1447 1070 1494 nt
1088 1447 1243 1494 neefflffliuf

153 1527 221 1562 surae
231 1517 279 1564 sibi
290 1521 464 1569 convenienti,
473 1521 510 1568 ,q
524 1521 626 1581 gratiam
642 1523 686 1568 de.
709 1521 780 1576 usus,
798 1511 832 1558 iia
849 1512 937 1560 decora
953 1513 1050 1573 species
1061 1528 1067 1561 ε
1080 1527 1140 1574 quas
1155 1515 1242 1575 siquis

154 1595 213 1631 core
224 1587 356 1644 quadsmt
367 1589 441 1648 ,aput
455 1587 574 1648 hominis,
586 1590 611 1635 et
621 1589 685 1635 tam.
709 1577 874 1640 truncaverit,
885 1581 931 1628 toti
943 1581 1024 1630 vultui
1036 1582 1115 1629 infert
1126 1582 1242 1629 deformi-

155 1666 230 1713 qnam
240 1657 322 1715 regale
337 1669 399 1703 aree
410 1655 576 1714 adiungeret,
588 1668 620 1703 ex
636 1669 684 1716 quo
708 1646 793 1694 tatem.
809 1649 838 1695 ln
858 1649 947 1709 quibus
964 1650 1000 1697 ita
1026 1650 1162 1697 elaboravit
1180 1663 1242 1710 opus

155 1734 213 1769 curn
231 1736 317 1772 serrsns
332 1734 420 1771 omnes
436 1724 466 1771 ad
486 1726 587 1780 ceteras
603 1726 684 1783 paries
708 1728 780 1764 suum
791 1718 890 1776 natura3
901 1720 929 1766 11⁸
937 1719 984 1777 fisi
994 1718 1117 1766 audactus
1126 1730 1243 1767 caverna·

154 1792 263 1850 cop-pppis
280 1790 520 1850 transfunderentur3
537 1793 590 1839 tum
601 1794 684 1839 maxi.
708 1798 764 1832 rum
782 1787 845 1833 mida
861 1787 1018 1847 protiflentlti
1038 1787 1143 1847 sinuati,
1161 1788 1241 1848 piuri-

154 1869 196 1904 me
211 1860 367 1919 oculi,relnt
383 1859 548 1919 speculatores
565 1861 591 1907 et
606 1862 684 1909 custo·
708 1866 776 1900 11111111
798 1854 916 1903 utillimis
940 1856 1067 1916 adferant,
1085 1869 1118 1904 ¹1⁶
1136 1858 1240 1917 'edenti’

155 1925 200 1973 des
210 1929 302 1976 naturas
312 1928 417 1988 appositi
427 1928 596 1988 providentia,
607 1941 683 1989 prope
709 1919 781 1968 feriat
798 1924 894 1970 secreta
916 1924 1004 1982 capitis
1025 1937 1107 1972 sonus.
1126 1925 1240 1984 Denique

155 1991 235 2040 toturn
245 1996 310 2043 orbis
319 1995 397 2043 nostri
407 1995 498 2042 statum
509 1995 615 2057 desuper
625 2008 684 2045 con·
708 2001 772 2047 saei)e
788 1991 877 2060 mult&
894 1991 1027 2049 iffllfflliw
1044 1994 1157 2052 clanim
1182 2006 1240 2040 ⁰⁰¹¹·

155 2060 293 2110 tuerentur.
316 2065 420 2123 ipsaque
444 2074 515 2110 mens
536 2062 588 2109 illic
606 2064 684 2112 locata
708 2058 814 2104 sternari
824 2058 945 2118 videmus,
952 2059 978 2106 et
988 2059 1110 2108 adtonitos
1120 2060 1162 2107 ant
1172 2063 1239 2108 vocis

153 2129 290 2186 secundum
305 2131 468 2191 plurimorum
485 2131 646 2191 sententiam,
659 2133 684 2181 et
708 2127 813 2186 alicujus
819 2127 862 2176 aut
869 2129 990 2184 tumultus
996 2142 1053 2178 sono
1061 2143 1237 2191 expavescere.

154 2197 262 2246 maxime
283 2199 419 2247 salomonis
436 2199 479 2259 qui
496 2200 532 2248 ait
542 2212 549 2246 ε
560 2201 626 2249 oculi
642 2217 683 2250 sa.
707 2197 795 2244 Sordes
802 2197 921 2259 ipsaeque
929 2198 994 2247 inter
1002 2199 1240 2260 eosdemqignuntur

152 2266 236 2324 pionte
254 2269 280 2314 tn
298 2270 371 2328 cupite
389 2269 439 2328 rjus
460 2283 468 2315 .·
487 2269 556 2328 quasi
577 2269 604 2316 in
626 2271 682 2318 aula
706 2266 842 2326 anfractus,
854 2268 924 2316 velut
935 2269 1041 2327 quodam
1056 2269 1151 2328 glutino
1166 2269 1237 2315 audi-

153 2333 278 2393 imperiali
288 2338 409 2385 virtutum
420 2338 551 2385 concilium
565 2338 613 2385 sibi
624 2352 682 2386 eon·
706 2335 759 2381 tum
764 2335 850 2394 ligant.
857 2335 936 2382 Simul
946 2337 966 2383 si
973 2337 1146 2384 vehementior
1152 2339 1237 2396 pulsus
1285 2367 1287 2371 -

152 2402 249 2461 trabat,
272 2417 319 2463 quo
338 2406 425 2464 stipata
452 2407 569 2454 comitatu
586 2407 613 2453 et
630 2407 682 2466 ipsa
706 2402 781 2451 fuerit
791 2403 896 2460 alicuius
908 2415 994 2463 sonus,
1005 2404 1148 2465 infringitur
1159 2418 1186 2452 ac
1197 2420 1238 2453 ro-

151 2470 270 2517 mnnitior
280 2473 326 2531 sit,
336 2474 362 2520 et
372 2473 496 2532 tamquam
507 2486 537 2519 ex
547 2473 614 2521 edito
623 2487 683 2533 quo·
707 2471 830 2531 tardatur,
841 2473 869 2519 ut
879 2473 1059 2532 prenuntiatus
1076 2475 1158 2534 potius
1172 2476 1239 2522 mul-

149 2537 208 2583 dam
228 2539 281 2587 loco
298 2540 383 2587 tuendi
401 2541 477 2588 totins
492 2542 600 2600 corporis
616 2543 682 2601 regi·
707 2538 774 2596 ceat,
785 2551 859 2599 quam
872 2539 1023 2599 ‘improvisus
1033 2541 1130 2604 interna
1147 2555 1237 2591 concu-

150 2617 210 2653 men
221 2607 361 2667 impertiat,
372 2619 487 2667 responsa
504 2610 626 2668 proferat3
638 2623 683 2668 per
706 2607 761 2653 tint.
771 2608 907 2655 Vermiculi
918 2621 1014 2669 quoque
1031 2610 1052 2656 si
1063 2624 1147 2658 aurern
1159 2625 1236 2670 pene-

148 2687 227 2735 quem
245 2675 366 2733 possimus
391 2687 435 2722 nos
454 2676 525 2735 ipsos.
535 2689 586 2723 non
603 2678 681 2724 solum
705 2676 770 2722 trare
779 2674 1236 2737 tentaverint,quodamsordiumvisco

148 2743 218 2789 retro
237 2741 373 2802 respicere,
389 2755 436 2790 nec
447 2745 526 2790 solum
543 2745 607 2804 quod
623 2747 681 2792 ante
705 2743 830 2790 tenentur.

149 2809 228 2868 pedes
239 2811 276 2856 est
287 2809 440 2869 vidors,sed
452 2811 526 2859 etiam
537 2812 593 2859 coeli
604 2812 682 2872 ipsius
734 2810 773 2856 20·
791 2812 865 2857 Nares
882 2812 950 2860 simae
966 2812 1050 2858 contra
1068 2813 1180 2860 naturam
1198 2815 1237 2862 ri·

116 2930 122 2937 ⁸
148 2876 246 2924 secreta
264 2878 385 2937 profundo
408 2880 497 2928 obtutu
513 2882 624 2939 spectare
643 2895 681 2929 sa.
705 2876 810 2925 dentur:
819 2878 899 2935 iamsi
910 2879 1236 2941 incisaefnerint‚quomodo

149 2945 261 3005 pientiae.
273 2946 310 2990 lbi
323 2947 398 3002 igitur
408 2959 503 2993 summa
513 2949 602 2995 nostrae
615 2950 680 2997 salu·
704 2948 784 3004 potest
794 2947 845 2995 vita
855 2948 1002 3008 subsistere,
1014 2949 1110 2997 sublato
1126 2951 1234 3010 spirandi

149 3012 679 3073 tis,ibigratialndecustodia,indeetiam
703 3017 801 3075 meain3
818 3018 1022 3077 quemadmodum
1042 3021 1144 3079 pecudis
1158 3022 1235 3080 magis

149 3082 289 3141 pulcritudo
300 3082 345 3129 toti
356 3083 450 3142 corpori
462 3084 610 3144 acquiritur,
622 3098 679 3145 que
703 3083 792 3144 facies,
800 3087 964 3145 qnamvuftns
973 3087 1235 3137 bominisaestimatur?

149 3151 257 3211 primum
273 3149 390 3198 in'rnltu
400 3152 504 3199 uernat.
516 3153 594 3201 Decet
611 3155 678 3200 onim
732 3153 770 3199 if.
780 3154 867 3214 Capilli
876 3155 964 3214 capitis
975 3169 1051 3216 qnam
1061 3158 1130 3216 grato
1141 3158 1234 3206 amictu

147 3219 343 3278 prestantiorem
361 3231 414 3266 esso
425 3218 487 3265 aulae
505 3220 596 3278 regalis
612 3221 678 3268 nito·
702 3223 775 3280 caput
786 3222 908 3280 vestiunt,
920 3223 990 3270 velut
1006 3224 1106 3282 qnidam
1123 3227 1184 3272 aulae
1195 3238 1234 3272 re·

148 3298 214 3346 rem,
223 3287 303 3348 inqua
311 3287 374 3334 sicut
381 3286 544 3347 visusmajor,
554 3289 588 3336 ita
597 3291 678 3348 splen·
701 3291 747 3349 gie
754 3291 896 3350 stipatorem
906 3305 937 3340 ne
946 3294 1075 3340 cerebrum
1083 3307 1142 3340 aura
1150 3295 1232 3352 laedat,

148 3353 194 3402 dor
204 3354 250 3409 est.
701 3357 743 3404 aut
759 3359 837 3406 imber
854 3359 940 3417 feriat,
952 3360 995 3406 aut
1007 3361 1043 3406 sol
1059 3360 1155 3406 adurat.
1167 3362 1236 3417 Quos.
1300 3383 1304 3389 ·
1323 3361 1328 3370 ”

180 3424 218 3471 ln.
227 3425 336 3484 Namque
344 3426 365 3472 si
376 3424 471 3484 spectes
481 3425 639 3485 singulaque
650 3427 677 3472 in
702 3424 735 3471 ita
743 3427 826 3473 tamen
835 3426 905 3472 dedit
913 3427 1001 3474 natura
1010 3459 1017 3484 ,
1025 3425 1054 3472 ut
1062 3439 1108 3485 pro
1118 3439 1181 3473 sexu
1190 3431 1232 3475 aut

147 3488 256 3554 leoninis
271 3490 349 3539 forma
364 3494 394 3539 ad
406 3505 475 3540 usum
492 3493 599 3551 aliquem
612 3505 677 3539 com·
700 3492 851 3550 prolixiores
861 3492 988 3551 placeant,
1000 3493 1043 3538 aut
1053 3493 1140 3552 recisi;
1152 3496 1178 3542 et
1187 3508 1232 3554 pro

146 3559 226 3618 posita
236 3560 365 3621 videntur,
375 3561 403 3607 ut
413 3559 477 3606 oculi
489 3560 675 3618 adridendum,
701 3559 787 3618 aetate,
799 3561 842 3607 ant
858 3561 1003 3618 plerumque
1018 3572 1062 3620 pro
1072 3560 1190 3622 temporis
1203 3562 1232 3626 ‘et

145 3640 219 3676 aures
233 3628 264 3675 ad
274 3629 438 3686 audiendum,
448 3639 521 3675 nares
532 3626 563 3674 ad
572 3627 676 3674 odoran-
701 3627 758 3672 anni
778 3628 906 3686 qualitate.
919 3629 947 3673 ln
958 3629 1058 3676 senibus
1076 3631 1144 3688 grata
1162 3634 1232 3680 cani-

144 3697 218 3756 dum,
226 3711 253 3745 os
263 3699 294 3745 ad
307 3696 469 3758 loquendum,
478 3696 513 3744 ita
523 3709 582 3744 usus
591 3697 676 3744 ruinis-
700 3693 761 3754 ties,
772 3695 797 3742 in
806 3696 889 3754 pueris
897 3697 1034 3756 prodigiosa
1043 3711 1050 3745 a
1060 3699 1168 3748 delectat
1175 3704 1230 3750 ton·

143 3765 225 3822 trani,
237 3767 266 3812 nt
281 3764 533 3826 praestentdecorem.
545 3766 623 3822 Quam
634 3765 676 3812 de·
700 3763 752 3810 deri
764 3764 848 3812 aestate
865 3764 986 3826 pressius,
997 3767 1088 3827 hyeme
1099 3768 1230 3830 indulgen·

143 3832 235 3879 formes
248 3837 305 3879 sunt
325 3833 407 3880 vultus
421 3831 556 3878 caecorum!
576 3832 605 3878 El
615 3832 674 3891 quid
699 3832 748 3887 tius
763 3833 928 3881 :mulieribus
938 3835 1081 3883 ornamento
1098 3837 1136 3884 est
1146 3848 1234 3899 conia,

143 3899 236 3946 mirum
247 3900 267 3948 si
279 3900 362 3947 vultus
372 3898 479 3946 bominis
489 3899 581 3959 absque
595 3900 674 3948 oculis
699 3900 814 3949 dedecori
830 3904 867 3950 ost
882 3903 951 3950 viris.
968 3904 1081 3964 Denique
1100 3905 1229 3966 Apostolus

142 3965 259 4014 deformis
268 3968 318 4025 est,
327 3966 422 4026 qnando
431 3966 511 4024 ipsum
522 3967 611 4014 coelum
620 3969 674 4016 sine
699 3970 839 4018 evidentius
855 3971 976 4031 expressit
991 3972 1037 4019 boc
1050 3972 1133 4020 dicens
1146 3988 1152 4016 r
1164 3976 1228 4020 Nom

142 4033 196 4081 sole
211 4044 261 4080 non
272 4034 348 4139 lirabet
357 4046 428 4081 sunm
439 4033 674 4083 decoremiiristes
699 4038 749 4096 ipso
766 4040 855 4086 nutrire
869 4040 933 4087 docet
947 4051 988 4087 vor
1006 4041 1067 4100 qnod
1082 4040 1227 4146 viflqoideor
