2752 4800
188 413 203 460 8
575 413 702 460 SANCTI
720 413 892 460 nnlnnusu

187 497 263 544 ventes
269 528 277 553 ,
289 496 314 544 el
321 510 368 544 non
378 496 503 556 transibis,
514 498 583 546 sedin
592 500 612 544 le
620 498 717 544 commi·
741 496 823 544 miuus
837 497 924 544 statuit
939 507 1009 555 enm,
1022 495 1048 542 ct
1063 494 1216 545 firmamento
1226 507 1273 546 vo·

186 567 381 624 snueuturlluclna
392 568 434 614 tui.
446 566 717 614 Nouueevideuteros-
741 567 845 615 luntatis
863 580 914 614 suae
931 564 1056 624 contiuet3
1075 565 1134 624 quia
1153 567 1179 612 iu
1197 579 1273 614 mauu

188 634 269 682 tendit
282 635 350 682 Deus
364 634 445 682 omnia
459 635 587 694 maiestate
600 638 643 683 stra
659 646 717 682 cou-
742 632 1107 695 ejussuntomuessmesterrae.
1117 634 1205 681 Ethasc
1214 633 1271 681 fidei

188 699 275 749 sistere
296 703 324 748 in'
343 714 467 762 numero,
493 703 621 762 pondere,
642 703 716 761 atque
742 705 886 764 simplicitas
906 701 1056 761 argumentis
1072 702 1186 749 omuibus
1202 704 1273 749 ante·

187 770 319 818 mensura?
333 772 417 832 Neque
428 772 496 819 euim
507 771 620 819 ereatura
636 771 716 831 legem
742 774 819 822 cellit.
831 772 942 819 laudent
952 771 995 816 alii
1004 769 1070 829 quod
1081 771 1137 818 ideo
1150 782 1272 830 nusquam

188 839 291 898 tribuit,
306 841 351 888 sed
368 841 478 900 accepit,
495 841 520 888 et
536 839 617 890 servat
633 852 718 899 accep·
742 841 839 889 decidat
849 841 929 898 terra3
945 839 1003 898 quia
1013 838 1149 885 secuudum
1159 839 1272 885 naturam

186 909 246 955 tam.
257 910 310 956 Non
323 922 380 969 ergo
391 911 457 970 quod
466 910 492 957 iu
502 911 585 958 medio
594 911 626 957 sit
636 911 717 968 terra,
743 911 768 957 iu
781 910 863 956 medio
879 908 1005 967 regionem
1015 907 1139 966 possideat
1149 919 1232 964 suam,
1243 917 1275 954 eo

186 979 259 1035 quasi
268 981 414 1038 aeqssalanse
424 979 583 1040 suspenditur
592 992 599 1025 a
609 979 652 1026 sed
660 979 718 1038 quia
742 980 808 1038 quod
816 990 916 1025 necesse
925 977 1019 1023 sit-eam
1027 988 1126 1022 manere
1138 976 1273 1034 iureqiono

187 1047 302 1104 majestas
319 1047 367 1094 Dei
383 1048 516 1096 voluntatis
531 1062 581 1096 suae
594 1061 648 1096 enm
662 1049 717 1107 lege
743 1062 800 1108 sua,
810 1059 856 1094 nes
874 1047 900 1093 iu
916 1046 1012 1106 partem
1028 1045 1130 1092 alteram
1141 1044 1273 1104 inclinari,

188 1115 352 1174 constringit,
371 1117 399 1163 ut
417 1129 491 1175 supra
510 1117 626 1164 instabile
644 1117 717 1176 atque
743 1117 839 1177 quando
855 1116 938 1162 eontra
953 1115 1066 1161 usturam
1082 1125 1132 1160 uon
1143 1115 1273 1173 mouetur,

187 1183 262 1229 inane
276 1184 372 1230 stabilis
385 1186 544 1244 perseveret,
560 1185 625 1232 sicut
639 1185 718 1232 David
743 1185 928 1233 sedsecundum
938 1183 1058 1230 naturam.
1067 1181 1203 1228 Praedieeut
1213 1181 1274 1228 arti·

187 1263 284 1310 quoque
296 1246 418 1311 Propheta
426 1253 530 1301 testatur
538 1254 623 1302 diceus
634 1268 641 1300 r
653 1257 719 1301 lun-
743 1253 796 1300 ficis
807 1253 886 1300 divini
902 1253 927 1299 et
940 1251 1075 1310 operatoris
1090 1250 1176 1297 seterm
1188 1250 1275 1297 excel·

187 1320 251 1367 clusit
269 1322 360 1368 terrum
371 1335 441 1380 super
458 1323 634 1380 firmamentum
654 1323 718 1382 ejus,
743 1323 858 1380 lentiam;
870 1321 925 1381 quis
933 1321 999 1367 euim
1008 1319 1184 1367 artificnmnou
1194 1318 1274 1386 abillo

187 1399 237 1434 non
245 1389 398 1436 inclinabitur
413 1391 439 1436 in
448 1391 559 1440 soecnlum
568 1392 655 1438 soeculi.
666 1391 718 1438 Nori
744 1390 854 1450 acropus
865 1392 907 1437 aut
916 1389 972 1449 quis
982 1389 1052 1436 dedit·
1062 1388 1209 1434 mulieribus
1219 1388 1274 1434 tex-

187 1456 276 1516 utique
295 1457 336 1503 lric
353 1459 424 1518 quasi
441 1459 610 1507 tantummodo
628 1461 718 1507 artifex
744 1464 805 1510 turae
821 1460 982 1520 sapientiam,
998 1459 1042 1505 aut
1055 1457 1185 1505 varietatis
1199 1455 1275 1504 disei-

188 1525 256 1573 Deus
267 1539 274 1572 ε
287 1527 411 1587 sedquasi
427 1528 583 1588 omnipotens
600 1530 719 1589 praedica-
743 1528 852 1591 pliuam?
874 1530 922 1588 Ego
945 1530 1045 1584 tamen,
1063 1525 1107 1586 qui
1125 1525 1275 1585 protundum

91 1613 93 1617 ·
187 1597 238 1654 tur‚
247 1596 290 1657 qui
299 1599 438 1645 nouaeutro
446 1597 550 1657 quodam
558 1599 664 1658 terram,
675 1600 719 1647 sed
744 1599 882 1661 maiestatis
899 1598 968 1656 eius,
980 1600 1005 1645 et
1022 1597 1082 1663 artis
1097 1594 1274 1644 esculentiam

188 1666 305 1724 precepti
319 1667 359 1714 sui
374 1667 532 1727 suspenderit
549 1668 719 1728 firmamento,
744 1683 792 1718 nou
803 1682 867 1730 queo
876 1666 1157 1728 comprehendere,uon
1166 1665 1275 1724 disputa-

188 1745 235 1779 uec
251 1746 306 1781 eam
326 1735 441 1782 inclinari
459 1736 576 1796 patiatur.
592 1738 646 1784 Non
662 1751 719 1798 ergo
744 1740 818 1787 tionis
833 1751 873 1785 rue
889 1736 1042 1784 libramentis
1058 1735 1184 1783 committo
1200 1735 1275 1794 atquo

188 1813 329 1849 mensuram
341 1803 719 1862 centri,sedjudiciidiuiuiac-
744 1809 884 1856 mensuris:
900 1807 944 1853 sed
954 1805 1036 1852 omnia
1051 1804 1158 1863 reposita
1177 1803 1204 1849 in
1221 1803 1277 1861 ejus

133 1883 137 1887 ·
188 1871 273 1929 cipere
285 1871 416 1932 debemus3
428 1873 486 1932 quia
503 1885 554 1921 uon
571 1875 631 1922 artis
648 1888 719 1922 men·
745 1878 860 1926 existimo
870 1875 998 1925 voluntate
1006 1907 1018 1934 „
1025 1874 1090 1934 quod
1097 1872 1212 1921 uoluntas
1221 1872 1276 1931 ejus

188 1952 245 1987 sura
256 1942 293 1989 est
302 1974 310 2000 ‚
318 1943 362 1989 sed
369 1943 497 2003 potestatis
508 1957 515 1989 :
527 1954 641 1992 mensura
647 1945 720 2003 jusii-
744 1946 932 1994 tundamentum
939 1945 972 1991 sit
979 1941 1277 2001 universorum,etprop·

174 2008 378 2069 *tioe‚.mensura
393 2013 551 2073 cognitionis3
563 2015 621 2074 quia
637 2015 719 2062 omnia
744 2019 783 2064 ter
805 2028 864 2064 eum
882 2014 962 2061 adhuc
980 2012 1086 2063 muudus
1104 2011 1146 2057 hic
1165 2012 1274 2070 maneat.

108 2115 116 2125 .
188 2079 368 2140 menumquam
380 2082 719 2142 immensapraetereautejus
744 2085 813 2144 Quod
821 2083 967 2144 Apostolicae
975 2093 1073 2141 quoqne
1081 2080 1140 2128 licet
1148 2079 1275 2127 adstruere

188 2147 718 2212 scientiam,sedcoguitioniejustamquam
744 2153 897 2201 auctoritatis
926 2150 1050 2209 exemplo.
1080 2148 1203 2207 Scriptum
1237 2149 1276 2194 est

188 2215 299 2264 dimensa
313 2218 467 2275 subjaceant.
482 2220 566 2278 Neque
582 2221 648 2268 enim
663 2233 719 2267 cum
745 2222 810 2270 euim
820 2235 827 2267 ε
837 2224 898 2282 Quia
907 2217 1233 2276 oanitollcreoturasubjecto
1243 2220 1277 2266 est

187 2285 292 2346 legimus
303 2289 372 2349 :1qu
383 2289 519 2348 construunt
528 2290 649 2337 columnus
655 2293 704 2349 ejus
710 2323 719 2348 ,
744 2305 792 2338 non
800 2293 896 2351 sponte,
907 2292 946 2337 sed
955 2291 1049 2348 mopter
1064 2300 1117 2334 euin
1128 2287 1169 2346 qui
1180 2286 1278 2346 subjecit

180 2355 247 2403 ‘uere
257 2358 378 2405 columnis
385 2371 441 2406 eam
451 2357 583 2405 subnixam
591 2371 719 2418 possumus
744 2364 769 2408 ln
781 2375 828 2421 spe.
840 2359 998 2406 liberabitur
1010 2357 1094 2404 autem
1111 2355 1136 2402 et
1146 2355 1199 2416 ipsa
1207 2367 1277 2402 crea-

188 2426 326 2485 aestimare,
338 2428 383 2475 sed
392 2427 523 2476 eavntnte
531 2440 587 2487 quae
597 2429 720 2477 suffulciat
744 2430 800 2476 tura
811 2441 825 2476 a
836 2428 956 2476 seruitute
973 2425 1150 2487 corruptionis,
1167 2437 1224 2472 curu
1240 2424 1277 2470 di·-

187 2494 349 2542 substautiam
358 2495 720 2555 terraeatquesubstiueat.1)e-
745 2500 809 2549 viuae
825 2495 1034 2545 remunerationis
1049 2494 1127 2554 gratia
1145 2493 1275 2541 adusserit.

187 2561 265 2620 nique
282 2564 348 2622 quod
362 2562 389 2610 iu
404 2565 527 2623 potestate
542 2566 588 2611 Dei
604 2567 637 2613 sit
647 2568 719 2614 terras
775 2569 814 2616 25.
825 2566 1045 2615 Deuaturaautem
1054 2566 1079 2611 et
1088 2564 1208 2623 qualitate
1217 2565 1276 2610 sub-

188 2631 347 2692 constitutio,
366 2632 441 2680 etiam
462 2634 520 2680 binc
540 2634 643 2693 collige,
661 2637 720 2695 quia
744 2636 845 2683 stautiae·
856 2635 913 2681 ooeli
932 2632 993 2698 quid
1011 2644 1155 2679 enumerem
1175 2643 1204 2678 ea
1220 2644 1276 2690 quaa

187 2701 307 2761 scriptum
324 2703 383 2750 est:
402 2704 448 2765 Qui
465 2704 562 2762 adspicit
579 2705 682 2761 terrum,
698 2707 720 2752 cl
745 2703 952 2764 disputationibus
963 2701 1014 2749 suis
1029 2700 1169 2761 plrilusoplii
1184 2700 1276 2748 texue-

188 2773 246 2832 fooit
261 2786 314 2819 com
331 2775 436 2820 tremere.
450 2772 480 2820 Et
490 2771 550 2818 alibi
563 2785 570 2818 s
581 2773 665 2820 Adbuc
679 2788 720 2834 eqo
744 2773 817 2821 rnntt
833 2786 889 2821 cum
905 2771 949 2819 alii
965 2770 1127 2830 compositum
1143 2770 1232 2816 coelum
1243 2782 1276 2817 ex

188 2842 258 2890 nuel
272 2843 377 2890 concutio
391 2845 490 2890 terram
507 2843 560 2888 Nou
575 2855 633 2901 ergo
645 2843 720 2890 libra·
745 2844 849 2904 quatuor
862 2840 992 2889 elementis
1003 2841 1113 2886 asserant
1124 2852 1131 2884 r
1144 2837 1187 2884 alii
1200 2839 1275 2898 quiu-

187 2911 280 2959 suentis
291 2913 342 2960 suis
352 2912 486 2958 immobilis
498 2913 584 2960 manet
594 2924 605 2957 a
613 2912 659 2959 sed.
669 2912 720 2959 trs·
744 2915 794 2960 tam
813 2911 943 2971 quamdam
959 2908 1073 2956 naturam
1091 2908 1148 2956 novi
1169 2909 1276 2967 corporis

164 3029 165 3033 ,
188 2976 294 3040 <quanter
304 2981 351 3027 Dei
362 2981 425 3027 nutu
434 2982 460 3028 et
468 2980 570 3028 arbitrio
581 2993 719 3029 commove·
745 2982 775 3028 ad
786 2978 987 3028 constitutionem
998 2977 1053 3036 ejus
1063 2976 1192 3035 inducant,
1201 2977 1276 3037 atque

189 3052 244 3108 tur,
258 3049 322 3096 sicut
335 3049 361 3096 st
374 3049 420 3096 lob
436 3048 515 3096 dicit:
528 3051 590 3110 Quia
604 3053 721 3100 Dominus
745 3049 862 3110 attingant
882 3048 1019 3096 aethereum
1040 3059 1094 3094 esse
1117 3059 1217 3105 corpus,
1235 3044 1276 3093 cui

189 3119 315 3165 cmnmoset
327 3129 380 3163 eom
393 3130 410 3163 u
424 3115 582 3176 &ndumentis
591 3130 599 3163 c
608 3118 720 3166 columnus
745 3132 825 3181 neque
842 3118 907 3178 iguis
923 3117 1049 3165 admixtus
1064 3116 1111 3175 sit,
1122 3128 1203 3175 neque
1218 3128 1276 3174 aer,

189 3187 270 3232 ouum
281 3185 331 3245 ejus
343 3186 504 3245 examinatur.
518 3186 548 3232 Et
558 3185 619 3231 alibi
631 3198 638 3231 a
649 3189 720 3235 Nuda
745 3202 826 3249 neque
838 3201 915 3247 aqua,
926 3199 1009 3246 neque
1020 3186 1101 3245 terra3
1112 3185 1178 3244 quod
1189 3184 1277 3242 hujus-

188 3254 284 3314 r'uteruo
291 3257 317 3302 iu
323 3257 444 3315 conspectu
452 3254 501 3313 ejus
507 3287 515 3312 ,
525 3257 548 3302 et
555 3267 603 3300 nou
611 3258 644 3303 est
650 3259 722 3305 asortl
745 3259 811 3306 modi
820 3258 943 3305 elementa
954 3269 1026 3304 snum
1037 3254 1167 3315 quemdam
1177 3267 1276 3302 cursum

189 3325 334 3373 involuerum
341 3356 351 3382 ,
367 3324 493 3371 canaam
507 3326 608 3370 Boream
623 3338 668 3385 pro
683 3329 721 3373 ul·
746 3326 854 3374 habeant
865 3327 939 3386 atque
947 3338 1020 3372 usum
1028 3325 1054 3371 et
1063 3325 1157 3371 motum
1168 3323 1276 3380 uaturae,

189 3394 251 3453 bilo,
261 3394 400 3455 suspendens
412 3395 502 3440 turum
512 3395 537 3440 iu
545 3393 658 3452 nibilum,
669 3396 722 3443 ulli·
745 3395 773 3442 ut
788 3395 899 3455 graviora
915 3393 1074 3452 demergant,
1090 3393 1115 3438 et
1134 3392 1159 3438 iu
1171 3403 1276 3452 pronum

189 3475 249 3522 qens
261 3476 349 3524 equom
362 3463 387 3510 in
397 3461 497 3510 aubibus
509 3463 586 3510 suis...
602 3463 721 3512 dolumuoe
746 3465 868 3522 terantur,
878 3475 955 3511 vacua
964 3464 990 3509 et
1000 3461 1066 3510 levia
1075 3460 1101 3506 iu
1111 3460 1239 3519 superiora
1249 3470 1276 3506 se

191 3533 244 3579 coels'
250 3534 417 3591 avolaverunt,
428 3535 450 3580 et
458 3535 601 3593 exponerent
609 3533 721 3582 abluere-
746 3532 887 3591 subrigaul3
904 3532 941 3579 est
959 3531 1026 3578 euim
1047 3529 1162 3589 proprius
1184 3526 1275 3586 cuique

188 3601 284 3658 potione
292 3602 356 3661 ejus3
366 3604 452 3650 uirtute
459 3604 572 3663 mitiqonr'l
583 3615 649 3649 more
654 3635 663 3660 ,
674 3605 722 3651 dis·
746 3602 841 3659 molus,
858 3601 885 3646 iu
895 3600 998 3659 spbaerae
1013 3597 1096 3643 autem
1113 3595 1220 3642 circuitu
1231 3593 1280 3642 ista

190 3668 466 3726 cipliuastraoitcetnm:
474 3671 722 3720 claustrnuntemcoeli
748 3668 881 3726 confundi,
899 3668 925 3714 et
940 3667 997 3712 vim
1002 3665 1041 3711 sui
1053 3676 1137 3710 cursus
1149 3665 1278 3722 amittere,

191 3738 274 3785 timent
289 3750 352 3783 eum.
370 3736 502 3784 Voluntate
520 3737 595 3796 igitur
609 3739 680 3786 Dei
674 3753 721 3786 rm·
746 3738 860 3800 weuram
872 3733 1003 3795 sphaeram
1015 3732 1099 3778 orbem
1114 3743 1186 3776 suum
1197 3732 1280 3778 volvi

192 3805 414 3854 mobrlrsmanetet
422 3807 470 3854 stat
480 3807 630 3855 snsaeculum
640 3809 720 3870 terra,
746 3808 800 3865 tur,
812 3806 837 3852 et
845 3814 971 3862 superiora
982 3799 1141 3847 inferioribus
1147 3801 1292 3861 ,superio-‚

192 3875 327 3924 secuudum
344 3874 499 3922 Ecclesiastis
515 3876 677 3936 senteutiam,
696 3878 722 3925 et
745 3877 922 3934 ribusquoque
933 3870 1050 3918 interiora
1061 3870 1198 3917 mutantur.
1211 3871 1278 3929 Quo·

192 3945 319 3994 voluntate
333 3945 380 3991 Dei
394 3945 524 4004 movetur,
535 3945 562 3992 et
577 3947 657 3993 nutat.
669 3948 721 3994 Non
746 3957 801 3992 rum
819 3942 903 3989 autem
921 3941 1055 3987 seeundum
1072 3942 1185 3988 naturam
1196 3942 1281 3990 motus

193 4012 669 4076 ergofundamentissuisnixasubsistit,
675 4027 721 4062 nec
745 4010 833 4059 mutati
852 4008 925 4067 suut,
936 4008 1024 4055 borum
1040 4010 1179 4057 necessario
1195 4009 1280 4057 tcrurst

194 4082 280 4133 tuleris
292 4080 610 4143 suisstabilispersenerat.
621 4083 720 4131 sedDo-
748 4078 837 4126 mutari
852 4077 931 4127 solere
946 4079 1077 4139 qualitates
1088 4079 1280 4132 substantiarum
