2752 4806
136 359 184 409 sit
525 362 657 408 SANCTI
674 361 843 408 thbnosll

75 450 83 498 ζ
136 445 259 495 cantietnn
270 442 355 491 ltahab
371 442 439 494 illius
450 444 587 492 meretricis
598 445 664 493 accl-
688 455 759 491 morra
774 435 1060 502 iniqnitatis.l3tveneno
1074 439 1222 502 {requenter

135 526 270 575 pere,quaa
275 513 440 572 exploratores
445 511 574 562 lesufldeli
580 515 663 562 mente
688 511 826 559 antidotum
839 510 1007 569 temperatur,
1021 509 1067 557 hoc
1079 510 1133 570 est,
1144 522 1222 559 vene-

135 583 251 644 suscepit.
266 582 327 630 Nam
338 582 364 630 et
373 576 493 630 Dominus
510 581 563 630 ait:
576 585 664 633 conta.
688 593 747 628 num
757 591 854 629 veneno
870 578 1021 626 excluditur.
1032 578 1139 626 Veneno
1154 590 1220 624 mors

136 655 209 706 simos
224 651 302 711 vobis,
313 654 335 700 et
349 665 397 699 non
410 652 521 700 saltastis.
538 653 568 699 rt
583 654 663 704 David
687 647 890 708 repellitur,vita
896 647 1017 695 servatur.
1028 647 1076 693 Fac
1083 647 1109 693 et
1118 646 1221 706 tuquasi

135 721 189 768 ait:
206 723 304 770 cantate
317 723 417 769 Domino
433 723 550 769 corticum
564 734 662 781 novom,
687 716 925 777 bonusdispensator
936 715 967 764 de
983 716 1152 762 instrumento
1163 726 1220 762 ava·

135 793 228 840 conlcto
247 792 348 838 Domino
366 791 441 838 omnis
462 793 541 848 terra,
561 791 608 838 hoc
625 794 663 840 est
687 787 751 834 ritiae
766 785 902 833 subsidium
915 784 1105 842 misericordias,
1118 783 1221 830 sinceri·

134 858 259 909 canticum
278 857 431 917 meretricis,
453 858 519 918 quod
539 859 597 907 ante
619 860 662 908 illa
687 855 745 904 tatis
754 855 859 916 gratiam
870 853 900 901 de
912 852 1076 914 corruptionis
1088 851 1218 901 illecebra.

134 927 256 980 meretrix
265 926 661 990 inhdametEvaterracantavit,
894 953 993 966 —-

134 996 253 1043 meretrix
262 996 288 1044 in
297 997 386 1057 populo
394 997 532 1044 nationum.
542 998 599 1045 llaec
610 1011 662 1047 me·
833 1003 961 1056 CAPUT
979 1002 1062 1054 ΠΙ.

134 1065 216 1147 fenix,
221 1066 408 1147 Pluriffnae'seffl
419 1066 495 1113 ΝΜ
505 1068 661 1146 {nefeffloes’
687 1094 798 1143 Prophetis
806 1096 872 1133 etiam
887 1094 964 1132 lutura
979 1093 1095 1141 praesentia
1106 1101 1147 1131 esse
1156 1092 1220 1130 :item

134 1135 165 1182 de
176 1136 264 1196 qulbus
273 1137 366 1184 dictum
378 1138 415 1185 est
426 1137 552 1185 aDomrno
562 1139 621 1185 iesu
632 1139 663 1186 ad
709 1149 819 1186 mundum
837 1159 862 1186 ex
877 1149 943 1186 nscia
960 1146 1062 1184 vaticinio
1080 1155 1126 1183 non
1140 1144 1220 1192 sujum

133 1203 206 1250 illum
227 1205 334 1253 electum
355 1205 381 1253 et
402 1206 524 1253 seniorem
544 1207 661 1266 populum
709 1203 878 1250 destruendum,
891 1202 917 1240 ad
931 1212 997 1250 quam
1009 1211 1057 1238 rem
1068 1200 1219 1238 illustrandam

133 1271 200 1319 Dei:
216 1274 340 1322 Publiceni
354 1277 376 1322 et
389 1277 520 1325 meretrices
530 1277 662 1338 precedant
707 1253 1221 1358 ffiffljgffljnasshfflffiffi{2¹2¹}ss

133 1353 174 1387 ⁹⁰⁸
183 1343 209 1388 ’.η
217 1356 314 1402 rmum
323 1345 376 1390 M·
710 1374 786 1402 ronam
796 1365 890 1402 exerceri
898 1363 970 1402 sedulo
980 1366 1081 1411 oportere
1091 1365 1177 1400 nucius
1186 1361 1221 1398 do·

164 1411 202 1456 ld.
214 1413 275 1471 Ergo
285 1413 400 1472 quoniam
414 1414 464 1461 tam
479 1413 662 1462 misericordem
709 1417 1219 1464 cenaetsnoemcurrsnuuurarvencmsuum

133 1480 254 1527 habemus
270 1481 415 1540 Dominum,
433 1481 477 1542 qui
497 1482 573 1529 etiam
593 1482 661 1543 gravi
709 1476 956 1522 maturenapprsearur,

133 1549 242 1609 ignoscat
253 1548 344 1608 errori,
359 1553 531 1598 convertamur
548 1562 563 1597 a
579 1551 661 1611 vitiis,
716 1552 755 1599 77.
772 1554 879 1602 Aonrsm
893 1551 955 1612 quid
965 1550 1061 1599 lectum
1076 1548 1112 1597 sit
1129 1547 1219 1597 hodie:

132 1631 183 1668 non
194 1619 337 1669 recedamus
347 1632 362 1667 a
373 1622 441 1680 lege,
453 1622 604 1682 praeceptum
614 1623 662 1669 lio·
686 1621 811 1669 Eccevcoil
819 1622 934 1668 Dominus
944 1621 1074 1681 disperdere
1084 1618 1166 1666 orbem
1174 1619 1220 1665 ter·

132 1689 196 1737 ruini
206 1691 276 1750 quasi
286 1689 379 1738 servuli
389 1691 481 1738 sedulis
491 1690 662 1738 studiisexse·
685 1704 778 1738 ranam.
796 1689 870 1748 Quasi
886 1701 961 1736 mauu
978 1688 1081 1735 sauctus
1099 1686 1218 1746 Propheta

132 1771 245 1818 quarunt.
256 1759 319 1818 Quid
329 1760 400 1807 nobis
411 1772 468 1807 cum
478 1759 662 1820 impuritatibus
686 1756 851 1815 demonstret,
867 1756 936 1816 quasi
952 1755 1031 1803 oculis
1041 1753 1217 1802 advenientem

133 1829 159 1874 et
168 1827 345 1886 impudicitiis?
353 1827 601 1888 Quidcumoperibus
607 1829 663 1876 dia·
686 1825 771 1873 videat
779 1824 867 1885 iudicii
876 1824 956 1884 diem,
965 1824 1001 1872 ita
1012 1823 1076 1872 dicit
1088 1835 1096 1869 s
1106 1825 1167 1870 Ecce
1179 1837 1217 1871 oe-

132 1893 315 1942 boliirludistis
325 1895 399 1942 hodie
411 1896 437 1943 in
446 1896 551 1944 lectione
560 1897 662 1943 decursa
687 1898 843 1945 nitDoorirncs
852 1896 979 1956 disperdere
989 1894 1072 1942 orbem
1088 1896 1216 1941 terrorum

132 1962 193 2022 quid
203 1963 267 2022 legio
278 1963 386 2012 dixerit:
395 1965 522 2025 Qnidmilci
531 1967 554 2012 et
564 1966 661 2022 tibiest,
686 1965 762 2011 lmmo
778 1965 837 2025 quia
852 1965 880 2011 in
892 1963 980 2023 spiritu
999 1962 1129 2023 prophetis
1144 1963 1217 2010 etiam

132 2031 475 2091 Jesnfililieithttudicito,
486 2031 579 2081 sitorte
591 2034 661 2082 vidos
686 2044 740 2092 quae
760 2032 844 2081 futura
864 2034 921 2080 suut
939 2033 1066 2094 tamquam
1087 2031 1216 2091 praesentis

132 2113 240 2160 pugnare
260 2100 390 2149 adversum
416 2102 443 2148 te
468 2101 559 2149 diaboli
581 2103 662 2151 tenta·
686 2101 842 2161 revelantur,
861 2101 920 2149 ideo
940 2115 994 2162 quae
1012 2100 1128 2159 videbat,
1150 2101 1218 2147 nobis

131 2171 309 2229 mentarQuid
327 2170 389 2217 mihi
409 2170 435 2217 et
451 2170 498 2217 tibi
515 2176 552 2218 est
569 2171 662 2218 Belial?
685 2182 782 2231 quoque
799 2171 966 2218 demonstrare
982 2169 1117 2229 cupiebat,
1133 2169 1162 2216 ut
1175 2182 1217 2216 nos

131 2240 181 2299 Ego
191 2239 280 2287 curisti
288 2252 373 2288 servus
380 2250 448 2299 sum,
460 2239 528 2292 illius
537 2239 661 2287 redemtus
686 2239 715 2286 ad
730 2239 916 2288 conversionem
931 2240 962 2286 ab
981 2247 1066 2286 errore
1081 2243 1214 2286 revocaret.

131 2308 661 2369 sanguine,illimetotummancipavi.Quid
715 2307 1213 2368 ⁷8.Nectamenquisquamtrangidebet,

82 2402 85 2408 ·
131 2377 196 2425 milri
211 2379 236 2425 et
251 2378 297 2426 tibi
314 2377 365 2426 est?
375 2379 427 2440 Non
442 2379 499 2425 novi
516 2381 659 2442 operatua,
686 2389 743 2424 cum
758 2378 828 2426 audit
838 2378 895 2438 quia
907 2377 1032 2436 disperdet
1047 2377 1167 2424 Dominus
1176 2388 1216 2423 or·

130 2447 523 2507 nibiltuumquaero‚nihiltuum
534 2449 659 2510 possideo,
685 2447 742 2494 bem
759 2446 887 2494 terrarum.
905 2448 939 2492 Ne
954 2445 1016 2493 iorte
1035 2445 1105 2493 dicat
1122 2459 1129 2492 s
1146 2446 1216 2504 Esto,

131 2515 195 2561 nibil
205 2517 275 2562 tuum
287 2517 408 2564 desidero.
423 2515 520 2574 Quanto
531 2519 660 2578 magistros
685 2528 728 2562 uos
743 2516 825 2576 gravia
841 2516 942 2576 peccata
957 2515 1144 2575 commisimrm,
1159 2514 1217 2575 quid

131 2584 339 2644 oportetseparari
348 2598 361 2631 a
370 2585 481 2644 diabolo,
490 2587 511 2632 si
521 2599 547 2633 se
560 2589 601 2634 ille
610 2589 660 2636 dis-
685 2584 790 2643 deliquit
799 2583 1216 2644 coelurn,qnidterra,quidmare,

130 2652 660 2717 cernitacbristoilltsiluimuseiinaliquo
685 2653 712 2699 ut
721 2654 745 2700 et
755 2651 997 2712 illadisperdaticur
1005 2653 1100 2713 peribit
1108 2654 1159 2699 tam
1166 2654 1217 2712 pul·

130 2721 246 2782 obnoxii,
256 2722 306 2780 iarn
313 2735 362 2769 non
368 2735 462 2769 sumus:
470 2723 622 2783 confugimus
629 2725 659 2772 ad
685 2721 744 2768 cher
755 2722 868 2769 ornatus?
879 2722 981 2782 Augusti
995 2722 1031 2768 est
1044 2723 1123 2768 animi
1137 2722 1218 2769 istius-

68 2854 71 2858 ·
130 2791 272 2855 medicum,
288 2792 392 2840 vulnera
409 2793 535 2852 superiora
554 2795 658 2841 curavit.
684 2791 750 2837 modi
760 2791 851 2850 opinio.
861 2792 980 2839 Caeterum
992 2791 1012 2837 si
1020 2790 1097 2837 altius
1109 2793 1217 2850 spectes,

131 2861 161 2907 Et
173 2861 193 2907 si
204 2862 264 2920 qnid
273 2861 385 2920 superest
395 2861 550 2921 acerbitatis,
562 2865 658 2911 medela
684 2857 797 2906 invenies
805 2859 851 2906 troc
863 2871 915 2907 esse
924 2872 967 2918 pro
976 2859 1061 2917 nobis,
1072 2860 1140 2918 qnod
1149 2861 1219 2918 putas

130 2941 180 2976 non
191 2929 278 2978 deerit.
291 2931 351 2978 Etsi
362 2930 530 2990 quidinjurlae
543 2931 658 2992 lecimus,
685 2940 737 2975 esse
746 2929 829 2975 contra
842 2940 886 2975 nos
898 2942 904 2972 ε
915 2927 1037 2986 judicabis
1049 2926 1097 2972 boc
1109 2940 1166 2973 esse
1177 2939 1217 2986 pro

131 3009 226 3045 memor
236 3011 286 3046 uon
297 2999 358 3063 erit,
369 2999 409 3057 qui
422 2999 498 3045 semel
511 3000 619 3048 donavit.
630 3002 659 3049 at
684 2996 789 3056 mundo,
801 2997 865 3056 quod
880 2996 1010 3043 adversum
1020 2996 1143 3042 mundum
1156 2997 1217 3042 arbi·

131 3065 527 3125 sigraviadeliquimus,magnnm
535 3069 659 3116 medicum
685 3065 765 3112 traris.
784 3066 836 3111 Non
855 3078 953 3125 semper
971 3065 1076 3113 stadium
1095 3064 1215 3111 reiertum

130 3135 284 3192 invenimus,
293 3147 405 3192 magnam
416 3135 564 3181 medicinam
575 3139 659 3195 gratias
685 3134 722 3180 est
734 3134 925 3194 spectatoribus,
936 3146 986 3181 non
997 3145 1093 3193 semper
1102 3134 1217 3181 certami-

131 3203 186 3261 ejus
196 3203 343 3264 accepimus.
363 3204 448 3262 llagna
459 3204 526 3250 euim
536 3206 659 3253 medicina
684 3203 758 3250 nibus
771 3203 923 3262 inquietum,
940 3216 989 3249 non
1000 3215 1100 3262 semper
1115 3214 1216 3250 concre·

130 3274 305 3334 tollitpeccata
319 3284 414 3332 magna.
685 3271 737 3318 tum
755 3273 858 3333 pulvere
871 3286 877 3317 :
889 3272 933 3320 sod
948 3273 1046 3332 quando
1065 3272 1214 3329 certamina,
1252 3321 1256 3332 ¹

162 3343 200 3392 76.
219 3343 343 3390 Habemus
358 3341 433 3389 etiam
449 3341 520 3402 plura
537 3341 658 3406 subsidia,
684 3340 742 3386 tunc
755 3339 862 3401 populus
872 3340 898 3386 in
909 3340 1064 3403 spectaculo,
1076 3340 1214 3387 luctatoris

130 3411 221 3470 quibus
235 3410 334 3471 peccata
349 3410 431 3457 nostra
441 3409 599 3457 redimamus.
615 3413 660 3458 Pe·
684 3410 829 3467 scammate,
838 3409 919 3467 pulvis
928 3409 1103 3456 instadio.Ubi
1115 3408 1214 3456 decursa

128 3481 229 3529 <cuniam
240 3481 330 3541 habes,
338 3480 432 3527 redime
440 3481 570 3539 peccatum
578 3481 657 3527 tuum.
684 3478 832 3536 certamina,
842 3479 976 3525 conventus
985 3477 1103 3534 solvitur,
1113 3476 1214 3536 discedit

78 3607 83 3614 ¹
128 3551 188 3603 lton
198 3550 292 3597 venalis
307 3549 345 3597 est
360 3549 549 3607 Dominus,sed
560 3550 588 3595 tu
604 3549 657 3608 ipse
683 3545 1213 3606 unusquisqueantvictoradgratiam,sut
1252 3606 1255 3611 ι

75 3634 77 3636 ’
105 3609 108 3616 '
127 3618 225 3664 ‘venalis
246 3631 280 3665 es.
302 3617 411 3666 Peccatis
429 3618 478 3664 tuis
496 3615 659 3665 venumdatus
683 3615 763 3661 victus
778 3615 810 3661 ad
824 3613 982 3674 opprobrium
1000 3615 1111 3661 :evehit
1128 3625 1213 3662 corona

131 3700 171 3744 es,
187 3684 281 3733 redimo
292 3687 317 3733 te
328 3686 442 3744 operibus
451 3684 516 3744 tuis,
528 3684 622 3732 redime
632 3685 657 3732 te
683 3684 817 3742 victorem,
833 3685 928 3732 victum
942 3682 1032 3743 premit
1048 3684 1212 3742 verecundia,

130 3755 236 3818 mannia
244 3755 295 3800 tua.
303 3754 366 3800 Vilis
373 3753 491 3814 pecunia,
500 3753 543 3802 sed
550 3755 658 3815 pretiosa
683 3753 751 3813 angit
760 3752 860 3812 injuria.
869 3752 895 3799 Si
903 3753 959 3812 quis
966 3764 1024 3813 ergo
1035 3754 1124 3813 postea
1136 3753 1213 3813 ingre·

132 3827 169 3876 est
184 3822 358 3872 misericordia.
376 3824 542 3882 Eleemosyno,
561 3822 657 3884 iuquit,
683 3820 1098 3880 diaturstadium,videatvacuum
1110 3820 1214 3869 celebri·

131 3911 147 3942 o
157 3895 248 3955 peccato
258 3890 350 3938 liberat.
358 3889 388 3936 Et
396 3889 456 3936 alibi
466 3890 528 3938 dicit
539 3904 546 3937 c
557 3893 658 3939 lisdem·
682 3891 753 3951 tatis,
765 3891 831 3939 dicat
841 3890 993 3950 agonothetae
1004 3902 1012 3937 c
1022 3891 1072 3937 Cur
1082 3890 1161 3938 vacat
1171 3891 1215 3938 sta·

131 3968 163 4012 tio
171 3965 224 4020 oiri,
234 3961 318 4009 diritius
326 3957 383 4018 ejus.
394 3956 424 4004 Et
433 3957 460 4003 in
469 3959 598 4018 Evangelio
609 3960 658 4006 Do·
683 3960 765 4021 dium3
776 3973 820 4008 cnr
828 3959 902 4007 silent
909 3958 1060 4019 certamina3
1070 3971 1116 4007 cur
1127 3960 1214 4008 solem·

130 4026 656 4096 minusdisitsfocitevobiscmicosdemom·
682 4027 723 4076 nin
741 4026 876 4076 feriantur?
893 4027 1064 4089 Respondebit
1079 4027 1125 4088 qni
1144 4025 1215 4088 ogoni
