2752 4806
422 397 466 448 bn
482 396 573 448 roca
595 400 725 448 enarrat
746 396 850 449 arata
868 403 964 451 anos.
1064 372 1067 376 ⁴
1188 396 1235 450 aso

152 479 682 549 praemiisbouqioeneratoriallbtdlspeusat
706 483 733 532 in
751 496 794 533 ore
807 496 888 547 sapor.
903 484 952 544 Qid
961 485 1029 535 enlm
1039 484 1175 536 delectatur
1186 486 1234 532 hoc

151 551 252 600 dicens:
263 553 624 615 Qaioimodicofidelisp'aicti,
635 556 681 602 cria
705 553 810 614 mundo,
831 556 858 602 et
878 555 1000 616 tripudiat
1017 557 1044 604 in
1066 553 1235 616 voluptatibus

149 624 285 681 maslaum
300 621 387 670 habeas
400 636 469 683 mpcr
477 623 554 670 wem
568 624 679 672 civitates.
705 622 1133 682 corporis,obnoaiusestsensuum
1142 621 1235 683 passio·
1325 637 1328 642 ¹

150 687 205 736 Lex
213 689 285 736 retus
294 689 365 737 norit
374 689 502 738 civitates:
515 689 559 738 sed
572 690 631 750 quia
641 690 678 736 le·
704 688 790 751 nibus,
799 691 873 752 atque
884 691 912 739 in
926 691 967 740 his
977 692 1074 741 habitat
1085 692 1111 739 et
1125 690 1235 738 diversa·

149 770 207 818 gem
218 758 345 818 implerit,
355 759 400 819 qui
415 758 496 819 potnit
511 758 593 806 dicere
605 771 613 804 :
623 760 679 806 Noa
704 756 753 804 tur.
764 759 833 806 Unde
840 759 866 806 ei
877 759 939 809 dicit
947 760 1060 809 Rebecca
1071 756 1235 807 habitandum

149 829 204 876 oeni
217 827 302 875 soleam
317 828 404 889 teqem,
415 829 454 876 sed
463 827 572 888 irreptare,
584 825 679 886 periec-
703 836 793 884 paucos
807 826 928 875 diescnm
946 827 1005 888 illo,
1018 839 1069 876 non
1082 826 1161 874 multo
1170 825 1237 873 tem·

150 892 239 943 liorem
260 907 393 951 numerum
410 895 617 944 remunerationis
638 895 679 943 in·
702 905 819 953 pore3ne
834 888 1235 956 corporeiscoloreturr'oluptuti-

149 963 242 1025 dulqet.
703 964 1019 1026 hus,etssccalicaptatm
1028 963 1163 1013 illecebris.

181 1033 219 1081 19.
236 1033 289 1082 Non
306 1046 365 1095 erqo
389 1033 562 1081 embescamus
582 1033 676 1092 ingere.
734 1031 1007 1083 hhi'ersuadetruteru
1014 1031 1235 1095 habitare,utdts·

148 1101 260 1151 Gloriosa
279 1102 348 1150 cuim
365 1102 418 1150 hac
437 1102 494 1161 luga
512 1101 550 1148 est
568 1100 678 1160 lugeres
701 1103 743 1148 cat
757 1101 891 1152 thimasius
907 1103 1045 1166 disciplinae
1062 1103 1163 1164 rirtutis
1177 1115 1236 1150 sen·

116 1202 120 1219 ,
149 1168 212 1218 lacis
227 1170 333 1232 peccati.
350 1170 391 1217 Sic
410 1169 475 1230 fugit
494 1168 583 1237 Jacob,
599 1169 677 1216 matre
703 1183 773 1231 sum,
791 1173 818 1221 et
841 1173 912 1222 relat
936 1173 998 1223 situs
1015 1175 1132 1235 quosdam
1154 1171 1236 1220 caruis

147 1240 277 1287 suadente.
288 1238 358 1286 Dixit
366 1238 433 1284 enim
443 1236 557 1286 Rebecca
568 1249 576 1282 a
587 1238 678 1286 Raros·
703 1239 776 1298 atqno
787 1241 914 1301 regiones,
925 1241 954 1289 ut
964 1254 991 1291 se
1002 1241 1145 1302 cognoscat,
1155 1241 1181 1288 ct
1191 1251 1235 1286 no·

146 1320 202 1372 pens
216 1309 271 1370 sape
281 1311 306 1356 ia
317 1308 517 1368 Mesopotamiam.
527 1305 568 1354 Sia
579 1304 642 1366 iugit
652 1306 678 1354 et
702 1307 767 1356 verit
775 1309 958 1357 vehementiam
968 1311 1063 1370 carnis,
1074 1308 1170 1370 quidet
1185 1318 1234 1367 qna

146 1376 241 1436 htoyses
252 1376 341 1424 aiacie
356 1376 421 1434 'regis
434 1377 540 1434 Pharao,
556 1387 587 1422 ne
606 1375 677 1422 illum
703 1387 775 1423 eausa
796 1379 895 1425 creatos
913 1378 959 1438 stt,
979 1379 1004 1427 et
1023 1375 1233 1439 quemadmodum

145 1448 204 1495 aula
225 1444 293 1506 regia
312 1445 498 1506 coinquinaret,
515 1457 548 1491 ne
566 1443 677 1491 irretiret
701 1445 966 1506 rmusqrrisqaesensus
977 1447 1102 1507 operetur.
1114 1446 1234 1508 Quietae·

145 1515 266 1577 potentia.
275 1514 389 1574 Denique
397 1510 528 1574 pretiosius
535 1512 629 1572 AEgypti
638 1512 675 1558 ‹li-
700 1512 1016 1572 rit,inquit,matieremad
1026 1514 1234 1574 concaptoocadam

144 1583 216 1633 vitiis
224 1580 356 1633 aestimarit
363 1578 520 1642 opprobrium
529 1583 628 1630 Christi.
635 1581 675 1629 Sic
700 1593 762 1627 eom.
773 1582 836 1629 hiale
846 1582 882 1631 sic
893 1583 962 1632 ridet
973 1584 1067 1632 oculus.
1075 1583 1165 1630 Videat
1175 1594 1234 1640 erqo

144 1652 296 1714 fugitorem
306 1651 386 1700 David
400 1664 414 1698 a
425 1651 488 1699 iacie
503 1653 567 1713 regis
577 1651 649 1710 Saul,
660 1663 674 1698 a
700 1650 799 1710 ocolus,
810 1655 836 1700 et
854 1650 970 1712 iungatur
988 1664 1031 1700 sao
1049 1663 1152 1700 munere
1162 1683 1170 1710 ,
1181 1662 1233 1698 nou

145 1720 359 1771 mciehhcssalon.
370 1719 484 1779 Denique
495 1720 591 1782 fugiens
602 1719 675 1767 adde·
701 1716 803 1767 lubricae
825 1721 917 1769 mentis
935 1720 1041 1782 imperio
1064 1719 1184 1779 dirigatur
1200 1717 1233 1767 ad

145 1791 190 1839 bat
200 1791 350 1838 incrementa
360 1789 473 1851 pietatis,
484 1790 527 1850 qni
539 1789 565 1837 et
573 1789 675 1838 insidia·
700 1786 811 1849 lapsum,
825 1789 855 1838 ut
871 1790 962 1840 vitium
973 1790 1065 1838 referat
1080 1802 1125 1851 pro
1139 1787 1231 1836 allicio.

145 1860 194 1910 tori
203 1860 328 1922 pepercit,
340 1858 365 1906 et
377 1857 504 1918 parricida
519 1858 623 1906 salutem
634 1870 676 1905 ro·
700 1857 779 1906 Breve
802 1872 859 1919 erqo
877 1862 977 1922 tempus
996 1860 1030 1908 ad
1051 1859 1232 1921 cognoscendos

143 1929 222 1990 gavit.
233 1930 272 1976 sic
283 1927 346 1987 iuqit
356 1928 381 1974 et
391 1927 497 1986 populus
507 1926 674 1984 Hebraeorum,
693 1937 799 1987 sensus,
816 1929 857 1977 rel
868 1929 950 1987 potius
964 1928 1127 1988 experiendos
1142 1928 1229 1986 datar,

145 1998 177 2046 ut
191 1997 250 2067 ¹tides
261 1996 314 2055 ejus
331 1995 357 2043 ct
372 1996 424 2043 vita
442 1994 509 2041 inter
526 1994 615 2042 fluctus
626 1993 674 2040 sihi
701 1997 727 2044 et
738 1995 839 2043 tortasse
854 1997 987 2044 tenerioris
998 1995 1168 2044 adolescentiae
1179 1995 1232 2055 pri·

146 2067 255 2127 aperiret
269 2064 344 2113 viarm
366 2064 433 2124 Fuga
454 2063 497 2111 illa
515 2064 568 2110 crat
585 2065 676 2110 trames
700 2075 741 2110 ma
760 2063 875 2123 exordia3
891 2063 1023 2124 statimque
1039 2064 1182 2120 revocatur,
1198 2076 1232 2110 ne

144 2132 307 2194 innocentiae,
323 2133 424 2181 virtutis
443 2132 498 2192 ria,
513 2131 616 2192 pietatis
636 2145 676 2180 as·
699 2131 794 2180 diutius
810 2133 902 2180 titubet
917 2133 945 2180 in
961 2133 1070 2194 lubrico,
1085 2134 1111 2181 et
1129 2132 1231 2180 dividua

145 2199 558 2264 cumba.hudcodicere,sictugit
569 2201 675 2250 etlonas
700 2204 806 2262 quadam
823 2203 984 2253 inundatione
1001 2203 1109 2265 eorporis
1118 2203 1193 2263 hujus
1204 2203 1231 2250 et

145 2270 676 2332 luTharsisnoncorporistuga,sedmentis
700 2272 783 2320 saculi
791 2275 933 2334 mergantur
940 2272 1017 2321 animi
1027 2272 1145 2322 interiora
1153 2272 1231 2321 vesti·

145 2343 317 2402 adscensione,
328 2342 371 2402 qui
382 2354 465 2401 nsque
481 2341 512 2388 ad
527 2340 618 2388 Christi
634 2341 675 2388 ad·
700 2341 749 2400 gia.
766 2342 826 2389 cum
840 2344 924 2390 autem
945 2343 987 2390 rel
1005 2343 1122 2403 expertus
1139 2341 1230 2400 inerit,

144 2414 242 2463 mandit
253 2410 455 2470 similitudinem,
472 2410 501 2456 ut
512 2409 583 2457 lieret
600 2409 675 2469 typus
700 2410 741 2456 vel
752 2410 849 2460 steterit
861 2411 887 2457 in
898 2410 1006 2458 instabili
1017 2407 1043 2458 e't
1052 2408 1145 2460 incerto
1155 2410 1230 2470 atquc

143 2482 244 2531 christi.
256 2483 321 2529 sicat
337 2481 399 2527 caim
414 2479 459 2539 {siit
473 2480 547 2527 lonas
562 2479 587 2525 ia
597 2481 676 2526 aeatre
694 2476 874 2538 'humidosolo,
883 2479 1125 2528 revocaturamatre
1134 2479 1231 2538 patien-

144 2555 190 2602 ccti
206 2552 279 2600 tribas
296 2549 387 2606 dicias,
398 2552 420 2596 et
431 2548 504 2596 tribas
514 2547 619 2596 noctibas
628 2563 636 2594 .·
644 2550 676 2595 sic
701 2545 735 2592 tia
746 2547 785 2594 vel
802 2547 1001 2608 perseverantia,
1012 2561 1067 2608 quae
1082 2547 1143 2596 dicit
1154 2561 1163 2610 :y
1173 2550 1230 2594 llil-

143 2623 190 2672 erit
197 2655 206 2679 ‚
216 2619 310 2679 inquit,
326 2622 348 2666 et
363 2616 437 2666 Filiae
452 2617 553 2666 hominis
567 2619 594 2664 ia
609 2618 676 2664 corde
701 2618 750 2662 tam
759 2616 1135 2676 adtc,etocccrriamtciadc,·ut
1144 2617 1230 2665 et'illic

144 2692 216 2738 tcmoe
233 2688 306 2736 tribas
322 2686 413 2743 diebos,
429 2688 452 2733 ct
467 2685 542 2733 tribas
560 2686 674 2734 aoctihaa
701 2682 727 2731 in
743 2686 838 2735 lubrico
852 2687 934 2734 tutum
950 2687 1048 2747 portum
1063 2686 1176 2735 invenias
1192 2698 1231 2732 sa-

143 2756 238 2805 liani'si
250 2756 285 2804 sic
300 2767 350 2802 non
366 2754 480 2814 fugisset,
495 2765 629 2815 numquam
645 2754 675 2802 de
701 2755 815 2816 pientiae,
826 2769 880 2816 qnae
891 2756 916 2802 te
926 2768 976 2802 non
987 2757 1051 2803 sinat
1065 2756 1190 2816 tamquam
1202 2756 1230 2802 in

144 2826 235 2876 ventre
248 2825 296 2872 ceti
308 2823 372 2873 esset
386 2822 492 2871 auditus.
701 2824 827 2883 naufragio
837 2823 971 2882 fluctuare,
983 2825 1008 2871 et
1022 2820 1137 2872 reuersus
1146 2819 1231 2883 persc-

177 2893 215 2942 20.
226 2893 274 2941 Sed
282 2894 302 2940 si
314 2893 422 2952 dubitas,
434 2891 520 2939 doceat
530 2890 555 2939 tc
563 2891 675 2939 Rebecca
700 2895 787 2942 verare
799 2893 863 2940 circa
874 2894 919 2939 Dei
931 2888 1035 2941 noveris
1042 2893 1135 2950 cultum
1142 2925 1150 2952 ,
1161 2891 1186 2940 ot
1196 2892 1231 2942 sis

146 2975 220 3022 quam
234 2962 310 3009 beata
334 2961 366 3008 sit
384 2960 454 3020 iuga,
475 2972 548 3020 quam
568 2959 676 3020 suscepit
700 2963 726 3008 in
737 2958 1166 3021 conuentumqentium,signillcaus
1177 2962 1231 3020 ejus

145 3031 230 3079 iacob.
239 3030 320 3078 Suasit
329 3031 451 3077 Rebecca.
463 3030 494 3076 Et
504 3029 569 3091 sape,
580 3029 674 3090 inquit,
700 3033 747 3080 tide
761 3031 894 3079 Ecclesiam
905 3029 1015 3092 gentium
1027 3033 1229 3091 congregandam.

146 3103 172 3149 ia
182 3101 373 3161 Mesopotamiam
387 3100 471 3148 :isaac
482 3099 543 3146 dicit
554 3111 561 3144 ι
573 3096 675 3158 sarpam
709 3112 712 3119 ·
729 3100 768 3146 22.
781 3101 824 3147 llis
836 3100 912 3161 igitur
929 3099 1055 3159 patientiae
1075 3101 1101 3148 et
1111 3112 1229 3161 perseve-

145 3170 205 3218 oadc
219 3170 245 3216 ia
260 3171 463 3230 Mesopotamiam,
475 3171 501 3216 ta
515 3170 609 3215 domam
628 3170 675 3215 Ba·
698 3169 785 3216 rantiae
796 3168 930 3217 instructus
940 3168 1092 3230 disciplinis,
1103 3170 1229 3230 proiectus

146 3237 219 3286 thasi.
230 3239 259 3284 ln
269 3237 368 3298 hymnis
378 3235 551 3285 voloracnlis‘
562 3250 576 3282 a
586 3236 674 3296 pleris—
698 3238 773 3285 Jacob
790 3239 902 3298 copulam
918 3232 976 3286 sihi
986 3239 1119 3297 acquisivit
1137 3239 1167 3285 de
1189 3251 1230 3286 sa-

145 3319 194 3367 que
207 3303 249 3368 (ut
259 3309 316 3354 ante
324 3319 368 3354 nos
377 3306 497 3365 scripturn
506 3302 559 3366 est)
570 3306 673 3352 Bathucl
699 3305 793 3364 pientia
801 3307 912 3354 consorte
920 3307 1048 3367 propositi,
1056 3306 1163 3366 opimam
1171 3306 1229 3352 dole

145 3375 267 3434 sapientia
285 3375 390 3433 dicitnr,
408 3374 613 3433 interpretatione
630 3387 674 3420 au·
699 3374 849 3434 prudentia,
861 3388 916 3421 cum
928 3387 975 3435 qua
985 3374 1044 3421 vitea
1054 3375 1165 3432 tempora
1174 3374 1228 3422 sino

145 3444 198 3490 tem
216 3444 306 3502 latina,
326 3445 376 3491 filia
397 3443 441 3490 Dei
468 3443 626 3502 significatur.
646 3443 673 3488 ln
699 3444 750 3489 ulla
773 3443 905 3491 oiicnsione
928 3443 1116 3490 transcurreret.
1140 3442 1228 3490 addito

146 3513 246 3560 domum
262 3526 319 3574 erqo
331 3511 458 3572 sapientia
469 3511 578 3559 mittitur
587 3511 674 3570 Jacob,
700 3511 776 3570 igitur
783 3512 898 3559 thesauro
904 3511 1040 3570 sapientiae,
1048 3510 1229 3561 variarumsibt

145 3581 173 3629 ct
183 3581 295 3642 accipere
313 3582 458 3629 admonetur
469 3591 572 3627 uxorem
586 3578 676 3626 antia·
700 3577 783 3628 orium
794 3579 903 3628 instituit
913 3591 1012 3639 gregem
1029 3591 1036 3624 a
1049 3580 1175 3628 sedilium
1186 3593 1227 3630 ra-

145 3650 193 3697 bus
207 3651 303 3710 haban,
318 3651 361 3711 qui
378 3649 505 3698 habitabat
520 3648 547 3696 in
564 3647 675 3707 charris,
700 3647 858 3705 iterabilem,
874 3647 997 3695 virtutum
1014 3645 1177 3708 plurimarum
1188 3650 1228 3700 di·

145 3717 609 3780 quodsigniticatcareruas,inquibus
621 3730 675 3778 spe·
700 3717 817 3765 versitate
825 3717 968 3778 fulgentem.
976 3717 1228 3778 lindeetiactaatiam

144 3789 198 3836 cies
208 3790 247 3836 est
256 3801 385 3848 sensuum,
396 3788 504 3851 quisunt
514 3788 638 3849 tamquam
649 3789 676 3835 in
701 3785 780 3833 cantis
798 3784 851 3844 ojus
862 3785 965 3845 recidit,
975 3785 1040 3847 q'uod
1057 3787 1179 3847 siguificat
1189 3783 1228 3836 ie-

144 3857 259 3906 cavernis
275 3857 396 3919 corporis,
412 3859 440 3906 ut
455 3858 522 3907 visus
538 3859 563 3905 in
581 3859 673 3919 oculis,
698 3854 774 3903 'moris
782 3855 874 3915 stupor,
881 3855 948 3904 salva
955 3855 1018 3904 sacri
1026 3855 1229 3917 interpretatione

144 3927 674 3990 auditnsinanribns,od0ratusinnarihus,
701 3925 821 3984 mysterii.
830 3925 873 3972 ilis
881 3937 937 3984 crgo
946 3925 1078 3974 virtutibus
1085 3925 1163 3972 veluti
1173 3935 1227 3982 qra-

702 3992 772 4040 dihus
783 3993 928 4052 quibusdam
942 4005 1011 4040 mens
1031 3992 1083 4048 (rjus
1100 3989 1228 4036 adsccndit

167 4069 179 4089 ⁶
188 4068 214 4106 lo
223 4073 250 4105 est
261 4070 282 4106 tn
296 4056 399 4107 atalanta-st
410 4070 519 4116 ineptiam.
703 4062 727 4105 in
740 4064 840 4118 culnia,
853 4064 878 4108 ct
896 4060 942 4105 Dei
958 4061 1051 4106 secreta
1063 4056 1188 4116 cognovit,
1201 4058 1227 4105 et

231 4126 251 4169 l·
1069 4125 1096 4166 19
