2752 4806
405 394 448 442 os
466 397 558 443 nouo
573 397 819 445 uonrrsnrarn
833 400 942 444 uuus.
1178 370 1234 447 m

146 466 222 520 nibus
232 470 341 534 adtollit,
354 474 428 536 atque
440 478 552 539 ablevat,
563 478 588 527 et
599 479 626 526 in
635 479 680 528 illo
704 479 811 528 nestorii
827 480 874 528 hoc
886 491 989 540 corpus,
1000 490 1086 539 corpus
1096 479 1182 528 mortis
1191 483 1235 540 ap²

147 540 243 588 caelesti
254 542 396 593 habitaculo
408 546 487 606 locat,
497 548 523 594 in
534 560 583 607 quo
590 549 681 596 Paulus
704 549 878 609 pellens..Qnis
888 549 956 597 enim
966 548 1044 596 oculis
1058 549 1139 609 potuit
1146 549 1233 597 videre

147 610 680 675 curnadhucrivcret,conversabatur3ali-
705 614 1234 676 virtutissplendoremterisinstitianrmay

101 728 105 736 .
147 674 188 724 ter
208 678 275 725 enim
291 692 341 727 non
358 681 476 730 diceret:
495 685 585 732 Nostro
601 687 680 731 antem
704 685 777 732 nibus
788 685 1233 747 comprehenderetQuissapientiam

145 749 289 816 conversatio
310 751 337 796 in
357 751 417 799 cortis
439 755 485 809 cat,
507 752 572 812 qnod
588 753 680 812 pariter
703 755 828 802 oculorum
850 755 977 805 ohtntihus
996 753 1103 802 intuerit
1122 753 1233 812 Denique

146 812 179 858 ad
188 817 387 872 praesumtionem
396 820 480 868 meriti
488 822 679 881 potestmedita-
702 823 799 882 quando
819 824 912 883 aliquid
932 824 1083 883 cogitamus,
1107 823 1233 868 neminem

146 881 291 944 lienemque
299 886 478 937 conterri.lllic
487 891 556 937 enim
564 894 617 952 crat
625 893 679 949 ejus
702 891 1234 951 nohisoccurrerc,neminemrolnmusoh·

146 953 442 1014 meditatio‚illic'animae
450 958 504 1015 ejus
511 962 677 1021 conversatio,
702 961 812 1020 strepere
823 961 922 1008 auribus
934 961 1038 1019 nostris,
1053 959 1127 1019 atque
1144 959 1178 1006 ita
1194 960 1234 1004 in·

147 1019 203 1068 illic
218 1023 271 1080 ejus
288 1025 503 1086 prudentia,-quse
513 1029 601 1088 ulique
613 1031 678 1077 inira
702 1029 827 1076 tendimus
846 1029 948 1088 animo,
966 1029 996 1076 ut
1015 1024 1161 1087 plerumque
1182 1039 1233 1072 non

146 1091 272 1148 angustias
279 1093 359 1140 carnis
368 1095 444 1151 huius
454 1095 547 1143 haerere
555 1108 604 1143 non
614 1100 678 1144 sole·
703 1097 828 1145 videamus
839 1097 978 1157 presentia.
990 1095 1131 1155 Quinetiam
1140 1094 1166 1141 in
1176 1106 1234 1142 noe-

145 1155 199 1204 lrat.
214 1158 316 1219 Sapiens
332 1161 467 1208 enimcum
484 1163 548 1210 illud
564 1163 679 1212 diuinum
702 1163 768 1212 tilius
777 1165 896 1212 sincerius
908 1165 1060 1225 cogitamus,
1074 1165 1101 1211 et
1110 1164 1169 1210 tunc
1179 1176 1234 1211 πιθ-

145 1225 677 1293 inquirit,nlsolvitanlmamsnamcorpore,
701 1231 750 1279 lius
767 1246 821 1293 quae
840 1234 954 1292 movent,
977 1233 1049 1280 corde
1071 1231 1231 1279 meditamur.

145 1295 238 1353 eteius
253 1299 353 1356 ablegat
365 1299 568 1360 contubernium,
580 1314 635 1348 cum
647 1303 679 1349 il·
701 1300 770 1347 Unde
792 1302 817 1347 et
836 1301 957 1361 Propheta
975 1302 1009 1348 ait
1020 1315 1027 1347 t
1040 1304 1096 1362 Qnoe
1115 1302 1188 1348 dicitis
1206 1302 1232 1347 in

143 1361 196 1410 lam
207 1364 261 1412 veri
274 1366 362 1414 tractat
372 1367 515 1426 scientiam,
524 1380 597 1426 quam
608 1370 678 1419 velut
702 1371 808 1418 cordibus
816 1373 909 1427 vestris,
922 1374 946 1418 in
958 1371 1069 1418 cubitibus
1079 1370 1160 1417 cestris
1169 1381 1232 1415 cono-

108 1454 111 1459 ·
143 1432 239 1479 nudam
258 1434 306 1481 sihi
326 1437 352 1483 et
368 1437 477 1496 apertam
491 1437 613 1485 desiderat
633 1439 678 1486 de·
700 1439 923 1498 pungimini.·Saepe
933 1440 1014 1486 etiam·
1024 1438 1100 1498 aliqui
1111 1438 1230 1485 claudunt

141 1503 290 1563 monstrari3
301 1503 328 1551 et
341 1505 398 1551 ideo
412 1506 506 1552 retibus
517 1506 675 1566 quibusdam,
701 1507 796 1563 oculos,
816 1508 837 1553 si
854 1507 914 1566 quid
932 1506 1058 1566 profundas
1076 1506 1163 1554 volunt
1180 1506 1229 1553 uisi

144 1570 173 1617 ei
191 1572 292 1618 nebulis
313 1572 388 1631 hujus
408 1574 519 1632 corporis
542 1586 569 1622 se
589 1577 677 1634 querit
701 1576 855 1634 cogitationis
869 1575 1107 1633 ernere,oculorum
1122 1573 1230 1632 impedi·

145 1649 249 1685 exuere.
261 1641 345 1701 Neque
361 1641 427 1689 enim
444 1642 558 1690 manibus
568 1643 622 1689 istis
633 1645 676 1691 aut
700 1645 783 1690 meula
793 1643 908 1691 vitantes.
919 1643 987 1702 Saepe
998 1643 1073 1689 etiam
1082 1641 1228 1699 solitudines

145 1708 224 1754 oculis
232 1710 305 1767 atque
317 1711 418 1758 aurihus
427 1712 633 1770 comprehendere
644 1713 676 1760 il·
700 1716 840 1770 captamus,
852 1723 884 1758 ne
896 1713 966 1768 cirins
974 1723 1053 1758 sermo
1064 1711 1154 1758 nostris
1162 1709 1231 1756 auri·

145 1775 675 1840 lamsupernampossumusreritatemnpuo-
700 1780 745 1826 bus
754 1780 904 1836 insusurret,
914 1783 939 1826 et
947 1779 1016 1838 quasi
1025 1779 1230 1836 semitaqnaedam

145 1843 213 1891 uiam
231 1858 285 1904 qua
304 1846 420 1894 ridentur
436 1848 581 1905 temporalia
593 1850 674 1901 suut:
700 1847 1231 1908 inhaerentemcogitatiouiauimamabducat

145 1924 201 1971 quae
211 1914 293 1961 autem
308 1925 358 1960 non
373 1914 504 1974 ridentur,
514 1915 614 1964 aeterna.
626 1918 675 1964 De·
699 1929 798 1974 avero,
817 1918 891 1975 atque
906 1917 936 1963 ah
952 1916 1088 1963 intentione
1105 1915 1229 1966 deflectat.

145 1980 224 2041 nique
245 1995 309 2042 serpe
333 1983 441 2030 lallimur
461 1984 537 2043 nisu,
553 1985 584 2038 ‚ct
603 1984 676 2031 aliter
730 1984 768 2030 la.
780 1986 867 2030 ltlrrltns
882 1984 957 2042 igitur
970 1985 1144 2042 occupationes
1159 1985 1230 2031 nohis
1317 2029 1319 2034 .

146 2051 547 2112 quameunt‚pleraqueridcmus.
556 2052 678 2098 Fallimur
700 2051 806 2111 corporis
820 2051 894 2107 huius
904 2051 1036 2097 necessitas
1047 2050 1137 2109 gignit,
1155 2052 1229 2110 atque

146 2119 223 2166 etiarn
243 2121 342 2178 auditur
362 2122 387 2167 et
408 2120 465 2167 ideo
481 2121 676 2180 contemplemur
699 2132 757 2167 usus
770 2119 880 2176 invehit,
891 2119 981 2179 quihus
991 2117 1126 2176 impeditur
1139 2118 1229 2165 animm

145 2198 196 2236 uon
207 2189 249 2235 illa
260 2189 451 2249 qumvideutur,
460 2188 504 2236 sed
513 2201 568 2248 qnae
579 2201 627 2236 non
638 2189 676 2236 ri·
700 2191 782 2250 vigor,
801 2201 829 2236 ac
846 2191 977 2237 revocatur
993 2188 1106 2236 intentio.
1118 2187 1187 2234 Unde
1199 2187 1230 2234 de

146 2256 248 2316 dentur,
259 2259 280 2304 si
292 2258 397 2305 nolimus
412 2257 475 2303 falli.
489 2258 590 2315 Quando
600 2257 675 2318 igitur
698 2269 725 2305 se
740 2258 825 2318 pulcre
841 2257 902 2305 dicit
916 2258 1015 2304 sanctus
1029 2257 1075 2304 lob
1093 2269 1100 2302 a
1115 2258 1229 2304 Memento
1301 2279 1306 2309 2

146 2323 229 2371 anima
246 2325 328 2372 nostra
342 2337 393 2372 non
409 2324 518 2381 tollitur,
529 2324 625 2383 quaudo
636 2337 675 2373 so-
699 2329 754 2386 gnie
770 2328 845 2374 lutum
859 2339 896 2382 nn
914 2326 1014 2382 finahti.
1033 2325 1060 2370 Si
1077 2336 1134 2383 ergo
1149 2324 1228 2385 lutum

145 2391 209 2439 lium
225 2394 337 2441 veritatis
348 2393 469 2451 adtingit,
483 2392 638 2452 nisiquando
648 2405 674 2441 ee
699 2395 737 2442 est
750 2385 851 2455 corpus,
861 2393 950 2440 oblinit
962 2405 1005 2440 nos
1019 2393 1121 2452 utique,
1132 2404 1182 2438 uon
1191 2391 1229 2437 di-

146 2461 234 2509 ableto
244 2462 351 2525 eccemit
362 2473 478 2521 corpore,
489 2473 571 2519 neque
582 2461 675 2520 ahipso
698 2463 760 2521 luit,
780 2464 806 2509 ct
827 2463 968 2522 coinquinat
987 2461 1095 2509 animam
1114 2461 1229 2522 inquina-

144 2529 269 2591 decipitnr
287 2532 313 2579 et
331 2529 459 2578 illuditur?
476 2529 591 2578 illuditur
608 2531 674 2577 cuim
698 2533 780 2578 mento
787 2531 990 2591 intemperantiae.
998 2532 1094 2578 Corinna
1104 2532 1125 2577 ct
1133 2543 1228 2576 cornone

144 2598 673 2658 visuoculorum,illuditnraudltuanrium3
698 2613 747 2657 nce,
760 2600 852 2658 inquit,
862 2600 970 2655 illinisti,
980 2598 1099 2659 ossihnsct
1106 2599 1182 2662 ocreis
1190 2599 1228 2662 in·

144 2667 172 2715 et
183 2667 240 2713 idco
251 2666 376 2726 relinquat
387 2666 449 2712 illud
459 2668 484 2712 ct
493 2666 595 2713 deserat.
607 2667 674 2714 Unde
699 2670 800 2716 tenuisti.
819 2668 920 2727 ligatur
935 2667 1018 2726 itaque
1035 2667 1061 2712 ct
1081 2665 1229 2713 distenditur

142 2731 276 2792 Apostolus
286 2733 374 2780 clamat
385 2744 392 2778 a
404 2735 440 2780 ltlc
450 2735 580 2793 tetigeritis,
592 2747 621 2780 nc
632 2736 675 2781 nd-
698 2737 779 2783 anima
792 2737 873 2783 nostra
886 2736 957 2783 istius
972 2735 1079 2794 corporis
1094 2734 1192 2792 nervis,
1203 2727 1229 2782 et

144 2803 316 2858 torninnoerilis
322 2832 331 2859 ,
341 2814 370 2848 ne
381 2803 525 2862 gustaveritis
533 2802 613 2849 omnin
623 2802 676 2862 qn‘oe
698 2804 754 2851 ideo
764 2804 890 2851 interdum
900 2803 1017 2862 rigescit,
1027 2815 1090 2862 smpe
1103 2802 1228 2849 curvatur.

143 2869 675 2931 annindcorruptelamlncorruptelaenim
698 2871 728 2917 lit
748 2871 843 2919 addidit
859 2885 866 2916 r
884 2871 921 2918 Ao
943 2872 1065 2929 iniquitute
1086 2871 1230 2916 innocentem

144 2940 216 2997 cunt,
225 2952 279 2998 que
288 2939 344 2986 sunt
355 2939 381 2986 in
393 2938 502 2998 corporis
513 2938 673 2997 indulgentia.
697 2951 734 2984 mc
744 2951 792 2985 non
804 2940 885 2997 fecisti.
897 2940 923 2985 Si
933 2939 994 2984 enim
1007 2938 1092 2996 impius
1102 2936 1181 2995 suero,
1192 2949 1229 2984 one

144 3007 176 3056 ut
186 3007 241 3054 ideo
252 3007 382 3055 ostendens
396 3020 447 3055 non
461 3019 506 3067 per
518 3007 626 3065 corporis
636 3008 675 3054 in·
697 3007 756 3062 attilii
761 3023 769 3054 .·
776 3008 797 3054 si
804 3009 882 3063 entem
892 3009 936 3064 sins
943 3008 1021 3065 §natus
1026 3038 1035 3063 ‚
1043 3019 1092 3063 non
1100 3008 1180 3065 potero
1187 3018 1228 3070 ‚nne

145 3075 310 3136 dulgentiam,
330 3076 374 3124 scd
389 3088 436 3136 per
451 3076 545 3122 anime
555 3075 674 3123 elevatio·
697 3077 819 3123 rcctinnre.
834 3076 921 3123 Plenus
937 3077 998 3122 eninr
1014 3074 1228 3132 contricionis-snm.

144 3157 222 3204 nem,
238 3146 263 3192 et
281 3145 359 3198 cordis
380 3144 546 3192 humilitatem
561 3157 587 3191 se
602 3145 674 3192 inre-
696 3144 854 3192 lntrodnnirtt
867 3157 937 3204 snper
952 3156 989 3191 orec
1006 3145 1150 3191 tentationes.
1165 3141 1229 3199 Quid

144 3206 290 3277 nisac'quod
302 3225 389 3262 verum
398 3213 450 3271 est,
462 3211 558 3261 addidit
568 3225 574 3257 ε
586 3214 674 3261 Nostra
698 3212 764 3259 enim
777 3212 814 3258 est
825 3212 892 3259 aliud
903 3213 956 3260 haec
972 3213 1023 3261 vita
1038 3207 1086 3258 nisi
1101 3212 1176 3271 plena
1194 3211 1228 3256 la·

144 3283 223 3328 annm
232 3283 374 3330 conuersatio
389 3281 535 3328 incontinent.
549 3280 674 3340 lbiigitur
697 3278 833 3338 queorumt
852 3281 920 3327 lntcr
937 3281 1039 3338 laqueos
1059 3280 1227 3343 ambulamus,

144 3351 239 3410 queret
255 3350 321 3410 quod
338 3362 425 3399 rernm
440 3349 494 3406 est,
512 3349 578 3409 quod
597 3351 633 3397 est
649 3351 675 3397 et
698 3346 768 3406 inter¹
779 3343 904 3405 'plurimas
922 3358 1049 3393 versamur
1069 3345 1226 3410 tentationes.

144 3419 245 3476 menet,
256 3429 332 3477 seque
343 3415 528 3474 insecolligat,
539 3415 565 3462 et
573 3428 675 3474 congre·
698 3414 808 3473 Denique
821 3414 888 3460 idem
901 3425 974 3472 supra
983 3414 1018 3460 ait
1030 3426 1037 3457 ε
1048 3412 1168 3471 ltnnopnid
1178 3423 1227 3456 oron

144 3485 188 3545 get
197 3497 302 3537 omnem*
310 3484 389 3540 aciem
402 3483 503 3531 virtutis
518 3495 674 3542 suae3nec1ue
698 3483 794 3529 tentatio
809 3484 842 3529 est
852 3483 902 3529 vito
913 3481 1013 3528 hominis
1029 3483 1054 3526 in
1069 3478 1150 3526 inno?
1161 3479 1228 3525 Bene

144 3554 201 3602 aliis
212 3554 349 3602 committat
359 3552 383 3600 ct
394 3551 490 3611 credat,
505 3551 547 3598 sed
557 3563 584 3598 se
594 3550 675 3610 ipsum
698 3550 797 3604 addidit
806 3550 834 3595 in
848 3550 913 3597 terra
922 3581 930 3606 ,
940 3547 999 3608 quie
1010 3550 1047 3596 est
1060 3549 1112 3596 vita
1120 3547 1228 3595 hominis

144 3624 274 3684 cognoscat
284 3625 310 3672 et
320 3622 455 3682 intelllgat;
467 3621 493 3669 et
503 3620 569 3681 quod
578 3620 625 3668 sibi
636 3622 675 3668 vi·
698 3618 724 3665 ct
746 3617 773 3663 in
788 3617 859 3664 coelo.
879 3619 943 3664 Sient
960 3618 1112 3681 mercenarii,
1130 3615 1226 3676 inquit,

139 3693 218 3749 ,detur
226 3704 316 3746 rerum
328 3702 395 3748 esee,
412 3690 458 3737 hoc
467 3689 621 3748 sequendum
631 3701 675 3736 no·
698 3700 784 3734 coerceo
794 3686 899 3747 orlarios
904 3718 913 3742 ,
922 3687 951 3747 in
958 3686 1041 3733 labore
1049 3687 1144 3734 scilicet
1152 3686 1180 3755 'et
1190 3687 1227 3735 te·

140 3759 298 3819 ,verim-quod
308 3757 471 3812 delectatione
479 3757 571 3804 carnali
581 3757 673 3816 eligen-
698 3768 772 3816 pore,
780 3756 861 3804 levior
873 3755 978 3817 tabulis,
991 3758 1016 3803 et
1027 3755 1138 3822 fluitans,
1149 3757 1227 3818 etna·

143 3827 205 3876 dnm
215 3826 388 3886 estimarent,
401 3826 447 3874 hoc
456 3826 518 3874 sciat
528 3824 632 3885 laisum,
643 3827 682 3872 alr
698 3828 753 3873 tans
776 3824 860 3873 serbis
871 3838 877 3871 ε
889 3825 960 3884 cujus
977 3825 1096 3887 hahitatio
1111 3825 1139 3872 in
1155 3826 1228 3872 luteis

144 3897 271 3956 co-ingiat
287 3895 313 3944 et
328 3894 441 3956 recedat,
456 3895 514 3956 quie
530 3893 622 3943 itandis
637 3897 674 3943 est
698 3894 826 3954 domitius,
845 3894 942 3954 etipsa
960 3893 1011 3941 vita
1029 3893 1058 3940 iu
1074 3894 1135 3940 luto.
1154 3891 1227 3937 Nulla

144 3966 276 4027 plenum
316 4013 318 4016 ,
697 3963 819 4012 firmitudo
838 3963 981 4023 sentcntiae,
999 3962 1068 4008 nulla
1083 3957 1226 4006 constantia.

177 4033 314 4087 inuento
329 4045 387 4096 ergo
402 4032 552 4094 depretiavit
562 4032 675 4084 etdeho·
698 4035 727 4082 ln
743 4031 784 4082 die
798 4043 848 4082 nox
863 4031 1030 4088 desideratur,
1047 4029 1072 4076 in
1086 4028 1157 4076 nocte
1174 4025 1230 4104 dice
