2752 4806
393 389 394 393 ’
463 411 506 460 or
527 413 607 461 cara
627 415 669 462 ar
686 416 774 462 anan
794 415 898 464 araon
917 417 935 463 r.
1196 416 1241 468 aas
1268 417 1274 439 ²

155 484 318 550 lus'prlmum
335 491 455 554 laqueum
466 496 529 556 galas
545 495 630 544 diceus
642 511 648 542 :
661 499 688 546 Si
712 492 920 546 sinc'ecrtamine.
938 495 1057 546 Probandi
1067 502 1136 549 crant
1154 500 1222 550 dubii
1230 502 1243 561 ,'

154 557 218 613 filiae
228 561 419 618 retractatae
430 563 515 623 lapidi,
522 566 549 611 at
554 567 624 624 panis
633 566 683 623 {iat
710 565 739 611 ut
753 565 814 626 jrrpti
829 566 1010 613 coronarentur.

156 624 292 684 Respondit
305 629 423 676 Dominus
435 643 442 676 t
454 630 509 678 Noa
519 635 543 678 in
558 646 621 692 pare
636 634 684 681 solo
741 633 779 681 ld.
791 633 865 681 Dedit
881 634 964 694 itaque
976 633 1071 699 diabolo
1087 647 1130 696 ea,
1139 638 1197 698 quia
1212 639 1237 684 iu

152 694 210 740 mett
227 694 393 752 dammartin
409 701 474 746 omni
489 699 560 747 aerbo
574 702 628 747 Dei.
639 701 684 747 Ln-
710 699 749 748 bis
766 701 826 760 ipsis
844 714 917 761 poena
935 702 1082 762 accipientis
1099 704 1150 762 est,
1169 703 1190 750 sl
1201 706 1239 752 uti

154 772 245 818 qucum
263 765 336 813 solvit
346 766 393 821 hoc
407 767 482 815 dicto.
493 768 577 816 Posuit
593 769 683 816 ite'rum
708 767 811 814 nesciat.
822 768 887 826 Quid
898 770 935 816 est
946 770 1013 816 euim
1022 770 1154 817 thesaurus
1163 771 1240 820 luxu-

152 826 265 878 diabolus
272 832 407 881 secuudum
420 833 543 891 jactantiae
552 835 682 895 laqueum,
708 836 786 895 rioso,
797 836 846 883 nisi
861 837 957 885 sumtus
973 837 1098 885 luxuriat
1110 837 1240 887 lindenau

151 897 196 956 qni
204 896 371 948 etiambonam
381 902 491 964 mentem
496 904 618 962 prosperis
627 917 684 952 cur-
708 905 861 964 luxuriosus,
872 905 915 952 sed
930 904 995 965 frugi
1005 905 1131 965 probatur.
1142 907 1173 952 ut
1182 905 1239 953 ideo

100 1012 103 1018 ,
153 966 249 1013 rentem
268 968 364 1016 semitis
387 971 450 1018 solet
467 972 618 1030 strangulare
631 986 638 1018 t
651 975 683 1020 Et
708 973 857 1034 uteroquasi
872 972 1042 1033 fragilisque
1052 973 1240 1033 tibiappouun·

151 1034 220 1082 dreit
237 1037 316 1095 ittam,
335 1037 434 1098 iuquit,
454 1041 478 1086 ia
489 1041 649 1096 Hierusalem,
661 1044 683 1088 et
708 1042 763 1100 tur,
780 1042 809 1088 ut
827 1053 877 1088 non
896 1054 953 1088 cum
971 1041 1103 1088 manducas
1119 1041 1239 1102 multum,

151 1101 233 1150 aare
242 1117 295 1152 eam
306 1110 480 1167 superpiaaam
491 1109 583 1166 templi,
594 1111 615 1154 el
623 1109 683 1155 dixit
708 1109 808 1156 odibilis
817 1109 861 1157 lias
873 1123 880 1154 ι
893 1111 984 1170 Vipilioe
1004 1110 1071 1157 enim
1085 1112 1107 1158 et
1121 1113 1239 1158 tormenta

151 1168 204 1216 itit:
215 1173 242 1219 Si
248 1173 311 1231 filias
319 1177 365 1222 Dei
373 1189 408 1232 ec,
426 1177 491 1223 mitte
502 1178 523 1223 te
533 1175 595 1221 biae.¹
605 1177 683 1234 Scrip-
707 1177 758 1222 viro
766 1178 838 1224 edaci.
851 1178 881 1224 Et
891 1177 956 1224 inlra
966 1191 973 1224 τ
984 1179 1012 1225 st
1027 1178 1119 1225 coactas
1129 1179 1202 1237 faerit
1212 1179 1242 1225 ie
1263 1183 1267 1194 ‘

150 1238 385 1302 tementeaimqaod
400 1243 683 1302 Ampeliscaismoadaeit
707 1243 1236 1306 edendo,sarpeetoome,etrefriaeraditte‚
1290 1246 1296 1253 '

149 1306 178 1352 de
189 1309 227 1365 te,
238 1312 265 1356 at
274 1313 406 1358 conservarat
421 1313 455 1370 te,·
472 1312 528 1371 poia
538 1311 563 1357 ia
574 1310 682 1357 manibus
706 1313 728 1358 et
737 1324 785 1358 aaa
800 1315 898 1361 addraces
908 1315 1001 1374 corpori
1018 1317 1057 1360 tao
1067 1314 1235 1371 infirmitatem.

150 1375 307 1434 militatione
316 1378 376 1437 sorte
384 1379 484 1436 offendas
494 1380 524 1425 ad
534 1379 632 1437 lapidera
639 1391 680 1442 pe-
704 1379 823 1426 Plurimos
838 1381 921 1440 itaque
939 1382 997 1441 gula
1012 1393 1057 1428 sua
1066 1381 1156 1429 eccidit
1163 1415 1170 1441 ,
1178 1381 1236 1428 uul-

150 1443 204 1490 dem
214 1445 288 1490 taam
305 1446 388 1505 ltaque
399 1458 456 1493 eum
467 1447 549 1504 posset
564 1447 617 1492 siae
628 1446 679 1492 ullo
704 1447 754 1493 lum
765 1447 891 1508 frugalitas
902 1461 909 1494 r
921 1449 1060 1497 innumeris
1070 1449 1128 1498 vina
1142 1461 1236 1497 nocue·

148 1511 262 1571 periculo
278 1512 375 1563 mittere
386 1526 412 1561 se
423 1512 535 1560 dominus
544 1513 627 1571 lesus,
638 1513 678 1560 cui
704 1517 778 1575 runt,
788 1517 851 1565 nulli
869 1519 1027 1578 parcimonia.
1039 1519 1154 1578 Plerique
1169 1517 1236 1566 inter

144 1582 310 1641 suppeterent
329 1583 452 1643 spiritales
469 1582 578 1641 volatus3
595 1582 679 1631 tamen
704 1583 789 1641 epulas
805 1584 892 1632 indere
911 1585 1018 1644 animas,
1029 1586 1055 1632 et
1072 1590 1168 1632 mensas
1179 1595 1237 1644 pro·
1285 1620 1288 1624 .

148 1661 181 1696 ne
190 1649 313 1708 jactantia
321 1649 482 1709 recusasset,
491 1649 678 1708 respouditdia-
702 1650 756 1710 prio
770 1653 901 1712 replevere
913 1653 1040 1712 sanguine.
1051 1653 1113 1700 llliis
1129 1651 1235 1700 cruditas

148 1718 378 1766 bolotltoateatabis
385 1720 676 1767 Dominamlieamtaom.
703 1731 788 1767 vocem
806 1720 880 1769 simul
891 1723 973 1782 rapuit
992 1721 1018 1770 et
1032 1733 1132 1770 sensum
1146 1734 1153 1766 z
1169 1721 1195 1768 et
1213 1720 1235 1766 si
1265 1760 1268 1765 .

149 1787 227 1835 Simul
240 1787 323 1834 docuit
339 1798 384 1834 nos
408 1799 495 1834 cavere
511 1799 543 1834 ne
560 1787 677 1836 iaciamus
702 1788 826 1848 aliquibus
845 1790 953 1838 cruditas
964 1789 1040 1850 noxia
1054 1802 1105 1837 non
1121 1787 1183 1848 luit,
1194 1787 1234 1835 bis

148 1855 299 1904 voluntatem
318 1855 418 1902 diaboli.
435 1855 461 1902 Si
480 1868 536 1916 ergo
551 1868 611 1904 vere
625 1856 677 1914 iac·
701 1857 799 1904 ruinam
818 1857 879 1906 iecit
899 1859 1015 1907 ebrietas.
1035 1859 1102 1906 illias
1120 1856 1188 1906 'enim
1206 1856 1233 1903 in

148 1924 225 1971 tantia
243 1923 389 1971 declinanda
414 1923 464 1982 est,
483 1923 576 1983 quanto
599 1926 676 1985 magis
702 1925 796 1972 crimen
814 1927 865 1986 egit
884 1927 1006 1987 ebrietas3
1018 1927 1064 1974 etsi
1075 1928 1128 1986 ipsa
1139 1927 1237 1974 crimen·

148 1990 677 2050 nemodebettalsaiactareproverist'ler-
702 1993 742 2052 sit,
750 1993 811 2040 alios
818 1994 849 2040 ad
857 1996 1247 2054 egestatemrenegamostremo·

148 2060 198 2108 tius
212 2073 285 2120 super
302 2059 339 2108 est
356 2060 459 2119 laqueus
477 2060 588 2108 avaritia
603 2061 676 2122 atque
702 2061 760 2107 audi
770 2075 832 2121 quos
849 2063 958 2110 christus
977 2063 1109 2111 excludatr
1121 2064 1181 2110 darn
1198 2065 1234 2109 ia·

149 2129 298 2177 ambitionis.
324 2128 435 2177 Ostendit
454 2128 479 2176 in
496 2129 579 2176 monte
597 2130 676 2189 posita
701 2133 809 2188 traverit,
820 2130 1236 2193 inquit,patertamitias,etctaaoc·

147 2199 230 2245 omnia
246 2211 321 2258 regna
338 2198 404 2245 orbis
418 2194 492 2246 'terrae
505 2197 532 2244 in
551 2200 675 2247 momento
699 2201 732 2247 rit
742 2201 826 2248 eadam
831 2232 839 2259 ,
848 2203 958 2260 incipietis
963 2201 1097 2260 incestare,
1109 2201 1132 2246 et
1139 2198 1233 2259 pulsare

148 2268 273 2327 temporis.
284 2268 350 2312 Bene
365 2266 392 2312 in
402 2266 539 2326 momento,
550 2267 608 2327 quia
621 2267 676 2314 dio·
700 2268 893 2315 artiam‘diceateo
905 2283 913 2314 .-
924 2269 997 2327 Aperi
1005 2266 1081 2314 robis.
1093 2268 1125 2313 nt
1135 2277 1232 2323 reapon-
1252 2279 1255 2282 ⁴

147 2336 219 2381 terna
230 2346 282 2382 esse
291 2334 426 2393 nequeunt.
436 2334 565 2381 Paululum
572 2338 675 2394 expecta
700 2337 753 2382 dces
763 2336 821 2381 dicet
828 2348 836 2380 .·
844 2335 926 2382 Nescio
937 2347 978 2381 aas
988 2334 1048 2379 aede
1057 2330 1123 2388 estio,
1134 2332 1230 2377 recedite

148 2404 174 2449 et
185 2402 234 2449 cito
245 2402 381 2449 transeunt.
392 2402 478 2460 ltaque
487 2401 529 2461 qui
541 2402 675 2460 sequuntur
701 2416 763 2449 ame
774 2415 852 2450 omues
861 2403 963 2461 operarii
969 2402 1108 2461 iaiqaitatis.
1121 2402 1186 2446 Tarae
1197 2401 1231 2446 ia-

147 2482 190 2529 ca,
207 2470 232 2516 in
248 2470 331 2520 moute
348 2468 396 2515 sibi
414 2481 467 2516 esse
486 2469 603 2518 videntur
614 2483 620 2514 :
633 2470 676 2517 sed
700 2471 866 2529 cipietiadicere
878 2484 886 2516 .·
898 2470 1089 2517 manducavimus
1099 2481 1179 2516 coram
1192 2470 1213 2516 te
1221 2500 1230 2525 ,

146 2550 196 2585 non
207 2540 264 2586 sunt
283 2536 413 2597 perpetui,
429 2536 493 2584 sicut
507 2536 584 2584 babes
601 2538 676 2598 scrip
700 2540 722 2585 el
733 2537 867 2596 didimeam
874 2539 898 2585 ia
904 2539 1077 2598 plateisaostris
1087 2538 1191 2585 decreti.
1201 2539 1230 2583 dt

144 2607 201 2652 tum
220 2619 227 2650 t
246 2606 301 2653 Vidi
317 2605 415 2663 irapinas
437 2605 635 2662 superexaltatam
654 2608 676 2653 et
700 2609 757 2654 dicet
764 2607 929 2655 oodierlleacio
936 2604 1162 2654 raderstadensi
1170 2605 1230 2664 quid

143 2673 260 2719 elevatam
269 2683 337 2729 caper
345 2668 515 2716 cedracLiborri
520 2671 557 2728 ‚·et
565 2672 675 2728 transiet,
700 2672 732 2721 de
750 2673 953 2721 manducantibus
968 2673 1068 2721 dixerit.
1088 2673 1150 2718 Audi
1161 2684 1229 2718 nunc

143 2743 168 2787 et
179 2751 229 2784 ecce
238 2750 287 2783 aare
302 2738 362 2783 erat.
374 2735 422 2783 Sed
433 2736 478 2797 qui-
489 2748 517 2783 ea
528 2738 629 2784 maximi
641 2737 676 2784 ia·
700 2740 761 2800 quid
777 2742 807 2789 de
827 2741 995 2799 ieiunantibus
1013 2740 1078 2786 dieat
1089 2752 1095 2783 ι
1106 2740 1175 2785 Beati
1190 2740 1231 2797 qai

145 2807 194 2866 cit,
211 2804 428 2853 adorareividetur
446 2804 586 2864 diabolum,
607 2806 676 2863 cnjus
700 2821 762 2854 aare
772 2809 1006 2862 conclamantium,
1018 2808 1074 2864 qaia
1084 2804 1230 2852 saturaban-

146 2877 208 2923 deus
218 2875 306 2923 venter
315 2874 366 2933 eat,
382 2874 407 2921 et
419 2873 448 2920 in
455 2873 576 2932 pudendis
590 2874 675 2933 gloria.
702 2879 748 2924 tar.
759 2875 788 2922 nt
799 2875 875 2923 inira:
887 2877 929 2924 Vae
937 2874 1047 2934 vobmpaa'
1054 2873 1158 2922 catarati
1166 2873 1229 2928 cetra,

144 2946 183 2992 'lu
194 2944 281 2991 autem
297 2943 323 2990 in
337 2944 389 2991 Deo
404 2943 506 3002 gloriam
521 2953 616 3002 quaere,
633 2943 676 3004 qui
701 2947 812 3006 paeoniam
822 2943 933 2992 esurietis.

145 3013 194 3061 tibi
212 3013 248 3060 ait
258 3026 264 3058 a
276 3015 404 3061 Dominam
421 3015 498 3060 Deam
512 3014 578 3059 taam
588 3013 676 3058 adora-
709 3040 710 3044 =
731 3015 769 3062 ro.
784 3012 831 3059 Sed
847 3011 886 3059 ris
900 3007 1061 3069 manducare,
1079 3005 1228 3060 risbibere?

147 3083 196 3138 dis,
206 3083 227 3129 et
241 3083 275 3129 itti
284 3083 329 3130 ooli
341 3082 423 3129 servies
428 3113 437 3138 ,
449 3091 463 3127 a
473 3092 522 3142 quo
532 3079 623 3127 aterna
634 3091 675 3127 ac·
699 3082 762 3129 veni
780 3080 811 3128 ad
830 3079 972 3128 convivium
987 3080 1114 3138 sapientiae
1124 3091 1179 3139 rpuae
1190 3078 1229 3124 in·

146 3151 238 3210 cipias,
249 3162 297 3197 nou
309 3149 463 3209 temporalia.
699 3149 761 3198 vitat
777 3161 859 3196 omnes
877 3158 933 3193 cum
952 3159 1038 3207 magna
1053 3147 1226 3208 predicatione
1311 3181 1316 3194 .

179 3220 316 3266 l7.'lamen
326 3220 347 3264 si
357 3230 432 3278 quem
443 3217 519 3265 etiam
534 3214 581 3265 iata
591 3216 675 3264 delec·
699 3216 798 3264 diceus:
812 3215 893 3264 Vertite
911 3217 932 3261 et
950 3216 1006 3262 edite
1020 3229 1092 3275 pares
1110 3229 1171 3263 meaa
1179 3246 1188 3272 ,
1204 3217 1227 3261 et

146 3285 216 3346 tent,
233 3288 263 3333 ab
281 3299 310 3334 eo
328 3286 477 3334 moderatius
495 3287 612 3346 petantur
631 3286 674 3345 qui
700 3285 852 3332 bibileoinam
859 3285 1006 3342 paodmimai
1015 3284 1087 3331 nobis.
1096 3283 1227 3330 Delectant

146 3369 222 3405 verus
237 3357 345 3404 omnium
367 3357 421 3402 fons
438 3356 484 3404 est.
502 3357 563 3401 Nam
581 3355 674 3412 etipsa
699 3351 792 3399 cantica
818 3362 873 3408 quae
894 3350 1034 3408 epulantem
1057 3348 1227 3396 commorante

146 3424 282 3486 peculiaria
298 3436 353 3483 quae
367 3422 497 3483 possidere
512 3420 560 3467 sibi
574 3420 674 3466 ridetur
698 3419 759 3465 ludi
768 3418 917 3475 hortantem,
927 3417 984 3463 audi
994 3417 1134 3463 cantantem
1141 3417 1226 3463 Eccle-

146 3491 270 3550 diabolus,
289 3491 369 3537 aliena
378 3488 450 3546 sunt,
458 3487 522 3534 sicut
531 3488 584 3545 ipse
591 3486 656 3532 dixit
666 3498 672 3529 ε
698 3487 772 3544 siam,
782 3496 831 3531 non
843 3484 920 3531 solum
932 3484 959 3529 in
968 3484 1086 3543 canticis,
1097 3483 1140 3530 sed
1151 3484 1226 3532 etiam

149 3559 203 3607 l'idi
218 3559 277 3606 dato
293 3560 429 3617 patestatem
444 3553 504 3601 tanc
513 3555 644 3601 aaiaersam
653 3554 674 3599 et
699 3551 999 3599 incanticiscauticarum
1009 3566 1017 3598 :
1028 3553 1227 3615 Moadaeatepro·

146 3630 245 3689 plattam
261 3640 359 3682 eoram,
372 3626 427 3684 auia
437 3623 496 3670 anibi
506 3622 593 3668 tradita
610 3622 673 3666 caat.
697 3621 759 3667 ainai
773 3620 833 3675 mei,
844 3622 866 3667 et
885 3618 960 3676 bibite,
974 3622 996 3666 et
1007 3620 1155 3669 inebriamini
1161 3655 1170 3680 ,
1180 3636 1225 3683 pa·-

145 3697 182 3747 Ab
193 3707 223 3744 eo
234 3707 290 3755 crgo
301 3705 386 3753 spera,
396 3691 455 3738 licet
463 3689 546 3737 brevis
556 3688 615 3735 vitae
625 3699 676 3734 non
698 3691 744 3736 tres
752 3689 805 3735 mei.
812 3686 860 3735 Sed
871 3686 923 3734 baee
932 3686 1038 3735 ebrietas
1046 3688 1224 3752 sobrios'lacit,

145 3764 287 3822 sitlougum
302 3760 420 3808 viaticum
436 3756 624 3817 requirendum:
636 3754 673 3802 ta·
698 3756 750 3803 baec
759 3755 866 3803 ebrietas
874 3756 1012 3816 gratiaram
1021 3757 1224 3808 temulentiaeest.

144 3842 203 3879 men
221 3831 251 3877 ab
263 3843 292 3877 eo
306 3840 376 3888 spera
391 3826 434 3887 qui
453 3827 593 3873 universam
605 3837 674 3872 crea·
698 3825 819 3873 Laetitiam
825 3823 992 3884 penemt‚uon
1001 3825 1165 3874 titubantiam.
1175 3828 1224 3874 Nec
1316 3825 1319 3830 '

144 3902 226 3946 turam
236 3896 359 3954 condidit,
370 3895 411 3955 qui
423 3895 519 3941 diabolo
530 3906 558 3942 ea
569 3895 600 3942 ad
610 3894 674 3941 tem·
699 3893 807 3940 verearis
827 3906 858 3941 ne
877 3893 903 3940 in
922 3893 1035 3941 convicio
1051 3893 1164 3940 Ecclesiae
1183 3894 1225 3938 aut

144 3979 192 4026 pus
202 3964 316 4023 tradidit,
327 3976 376 4010 nou
395 3962 422 4009 ut
432 3962 566 4021 possident,
585 3962 628 4010 sed
646 3961 674 4010 ut
698 3961 760 4020 grati
780 3961 866 4009 odores
877 3961 938 4021 tibi,
956 3963 998 4009 aut
1014 3961 1096 4008 dulces
1107 3960 1170 4016 cibi,
1182 3960 1225 4003 arat

144 4033 233 4081 tentet.
245 4034 297 4080 lton
314 4032 378 4079 enim
399 4031 495 4090 poterat
516 4042 603 4078 corona
621 4042 673 4078 esse
683 4017 688 4091 Ι
700 4029 790 4077 diversi
801 4032 886 4090 potus,
899 4030 941 4077 aut
957 4028 1066 4076 convivae
1077 4027 1170 4094 nobiles
1180 4024 1224 4086 de-¹
