2752 4806
411 414 649 460 lluxnllnulton
670 416 772 462 alban
790 419 808 461 l.
1114 423 1140 468 tt

60 491 135 552 dere,
146 504 196 539 non
207 492 287 553 potuit
301 503 382 542 nexus
391 496 488 544 solvere
504 496 589 543 vincu-
615 496 696 558 tione,
708 499 796 559 quibus
813 498 870 546 anta
881 496 991 549 demersa
1008 493 1062 562 poli
1070 495 1143 564 buius
1213 489 1217 498 ’

58 559 156 608 lorumi
174 561 218 611 Cui
235 562 324 611 vinctis
341 562 453 623 spedibus
480 577 590 624 gressum
615 563 1050 619 habebanturexordiail'olle'solem
1058 572 1142 633 terris,

60 631 130 678 dedit
138 656 151 689 ,·
160 631 218 678 lruic
232 644 282 679 non
291 633 372 692 potuit
387 633 467 694 ruptis
482 634 590 682 vinculis
614 634 674 681 tolle
685 636 754 683 coelis
764 636 892 684 stellarum
907 639 1095 699 globus,omnia
1104 644 1143 691 te-

58 698 184 747 incessum
193 699 313 748 redderet
324 701 374 749 Sed
383 703 470 761 utique
481 701 590 750 adverti·
614 703 698 751 nebris
705 705 885 753 inhorrescunt.
892 707 1144 770 Sicerautautequam

59 777 116 814 mus
138 767 203 827 quod
220 769 301 817 uoluit
318 769 398 829 primo
424 770 589 817 demonstrare
614 767 1142 826 lumenhuicmundollominusintuodorot.

58 836 197 897 mortuum,
218 837 248 885 ut
269 839 348 886 oculis
366 839 417 887 suis
439 839 588 886 crederent:
614 840 704 889 Etideo
711 842 836 903 Scriptura
844 844 962 904 aitaquio
969 846 1068 893 tenebrae
1076 848 1144 893 cram

58 902 593 967 deluderesuscitarc:tertiojubereutipsi
612 924 680 970 snper
700 913 819 971 obysonm.
840 914 960 960 l'encbrae
980 915 1065 974 erant,
1086 916 1145 974 quia

58 971 263 1022 vinculatuueris
272 977 411 1036 solverent3
423 979 451 1025 ut
468 977 534 1024 inter
543 977 589 1024 ista
613 981 737 1038 splendor¹
746 981 832 1028 deerat
841 982 915 1028 lucis.
926 983 1046 1030 l'anebrae
1061 984 1144 1043 erant,

58 1039 117 1089 tides
135 1042 309 1092 infunderetur
328 1045 484 1105 infidelibus,
503 1047 529 1093 et
544 1060 590 1108 per
614 1048 672 1107 quia
682 1061 724 1096 aer
735 1050 788 1108 ipse
800 1050 945 1097 tenebrosus
956 1051 1002 1098 est.
1014 1053 1081 1111 Aqua
1093 1053 1145 1112 ipsu

57 1110 147 1168 gradus
156 1114 276 1173 quosdam
293 1115 427 1163 credulitas
436 1117 589 1163 nasceretur.
614 1116 660 1162 sub
668 1117 735 1164 nube
745 1116 875 1164 tenebrosa
886 1119 936 1177 est,
947 1119 1005 1178 quia
1015 1120 1145 1168 tenebrosa

287 1218 357 1232 ..-
616 1195 677 1242 aqua
695 1185 722 1231 in
740 1185 847 1232 nubibus
863 1187 936 1234 aeris.
954 1189 1029 1236 Erant
1040 1202 1097 1250 ergo
1108 1191 1145 1237 ta·
1220 1184 1223 1190 “

212 1279 339 1332 aanor
352 1279 438 1330 v111-
605 1251 1144 1373 ltiniactatiactat&

56 1379 153 1421 Terram
163 1383 323 1431 incompositam
337 1385 411 1433 fuissec
420 1387 469 1420 tom
477 1366 558 1431 quiam
567 1394 591 1421 ⁰³
614 1388 713 1436 testatas
721 1391 785 1450 quod
796 1336 916 1440 Domignus
926 1406 1012 1440 earum
1023 1339 1145 1443 maingis

78 1436 590 1540 ffiflfflfflffieffisssseffifssnffifi‘gffi
614 1459 903 1520 creaverit3cunrutiqne
913 1463 1143 1523 transubstantiatis,

80 1542 131 1579 dam
147 1543 240 1591 Spiritus
254 1548 338 1582 mucius
353 1545 392 1592 qul
401 1544 512 1581 terebatur
527 1555 589 1592 snper
612 1525 656 1571 sed
666 1527 781 1575 ”widem
791 1529 823 1576 ⁸st
838 1530 946 1590 malitias
958 1544 1016 1591 ΨΜ
1024 1543 1038 1578 ³
1049 1533 1143 1581 natum

58 1634 59 1641 p
79 1606 156 1644 aquas,
171 1597 255 1645 aliaque
266 1598 428 1635 declarantrsed
446 1599 480 1636 vel
497 1600 589 1651 manime
613 1595 722 1645 bonitate
732 1599 846 1646 deflexit.

79 1649 227 1702 quodminus
236 1651 417 1690 ”mmm
428 1651 520 1689 ⁰¹⁵³¹¹¹¹²
642 1664 680 1712 99,
693 1666 786 1725 'ltaque
808 1667 835 1714 in
857 1668 1034 1717 constitutione
1054 1668 1142 1715 mundi

86 1735 126 1782 28.
137 1737 214 1784 Fncrr
225 1749 282 1795 orgo
293 1737 361 1785 Deus
371 1738 451 1796 primo
463 1739 553 1784 coelum
563 1737 589 1784 ot
612 1732 695 1790 opinio
718 1736 820 1782 malitiae
838 1737 940 1789 interitu
959 1737 1143 1797 sequestretur,

56 1804 164 1861 terram,
174 1815 204 1850 ea
213 1804 296 1851 tamen
313 1817 362 1852 non
373 1805 442 1864 quasi
454 1806 588 1865 perpetua,
612 1813 643 1847 ue
655 1802 746 1851 divinae
765 1805 915 1865 operationi,
931 1806 957 1853 et
967 1803 1143 1865 pulcherrima)

56 1871 102 1918 sed
119 1872 189 1932 quasi
208 1874 375 1933 corruptibilis
393 1874 514 1921 creaturae
532 1886 589 1921 con·
612 1871 743 1929 creature,
758 1884 788 1918 ea
806 1885 859 1931 quaa
878 1874 991 1921 decolora
1010 1876 1082 1933 sunt,
1101 1874 1143 1921 ad-

57 1941 214 1988 summationl
233 1942 313 1989 voluit
324 1940 462 2001 subiacere.
481 1943 551 1990 Unde
562 1944 589 1990 in
612 1938 715 1984 miscere
727 1939 984 1998 Videafflffloffltxifflt
996 1954 1143 2001 cumedita-

23 2039 27 2050 ·
57 2009 134 2057 Esaiae
144 2010 207 2057 libro
217 2010 267 2058 ait:
281 2013 362 2059 Tollite
380 2013 406 2059 in
417 2013 500 2059 coelam
512 2013 589 2060 ocutos
612 2004 653 2050 tur
664 2019 671 2052 2
684 2008 817 2067 Etsniritna
825 2011 870 2056 Dei
875 2011 1064 2069 superferebatur
1074 2025 1143 2071 cnpcc

46 2081 159 2138 coactans,
180 2081 203 2126 ct
221 2081 328 2140 adspicite
355 2083 443 2127 terrum
466 2081 588 2140 deorsam
611 2088 694 2134 aqum.
711 2078 791 2134 Quem
802 2079 849 2126 etsi
862 2079 938 2139 aliqui
949 2091 993 2139 pm
1008 2092 1067 2127 aere
1077 2082 1143 2128 acci·

57 2150 115 2207 quio
125 2150 207 2197 coelam
214 2152 241 2196 nt
250 2150 329 2208 {umas
337 2151 463 2197 solidatum
471 2152 513 2207 est,
525 2153 589 2198 terna
611 2144 694 2204 piant,
705 2146 782 2207 aliqui
789 2160 833 2206 pro
842 2149 931 2208 spiritu
939 2161 1013 2210 quem
1022 2149 1142 2208 spiramus

57 2220 137 2264 antem
154 2221 361 2267 ntvc'atirncntam
377 2221 511 2267 accrescet.
531 2220 588 2267 llaec
612 2213 638 2259 et
652 2216 775 2275 carpimus
792 2223 858 2264 aurae
875 2218 949 2276 buius
965 2218 1049 2269 vitalis
1068 2220 1142 2277 spiri·

57 2285 125 2333 terra
136 2287 188 2347 est,
206 2300 261 2346 quae
273 2291 336 2336 ante.
348 2288 401 2335 erat
418 2288 587 2348 incomposita,
611 2282 679 2330 tum:
690 2298 735 2333 nos
745 2287 892 2334 tamencum
900 2288 1040 2332 sanctorum
1049 2287 1075 2333 et
1085 2287 1144 2332 fide-

58 2355 172 2403 Nondum
184 2357 251 2403 enirn
262 2358 333 2403 erant
342 2357 470 2403 mariasuo
481 2356 529 2404 fine
540 2359 589 2405 dis-
611 2351 673 2399 lium
689 2355 813 2402 sententia
829 2356 1004 2412 congruentes,
1023 2354 1143 2412 Spiritum

57 2423 136 2471 tinctu
141 2458 149 2482 ,
161 2427 186 2474 et
197 2426 254 2473 ideo
265 2438 326 2485 vago
336 2425 428 2485 fluctu,
437 2425 589 2485 etproiundo
612 2423 723 2468 sanctum
733 2423 881 2481 accipimus,
892 2423 922 2468 ut
931 2423 956 2468 in
967 2422 1143 2470 constitutione

55 2494 153 2553 gurgite
168 2495 235 2542 terra
253 2495 429 2542 inundabatur.
443 2495 589 2555 Considera,
614 2490 698 2537 mundi
709 2491 818 2550 operatio
827 2491 954 2538 Trinitatis
965 2491 1070 2538 eluceat.
1081 2493 1144 2539 Prae-
1220 2488 1224 2496 ’

55 2562 115 2620 quin
126 2563 204 2610 etiam
222 2576 289 2610 nunc
304 2563 410 2622 palustri
419 2562 513 2621 uligine
524 2565 589 2610 terra
613 2559 687 2607 misso
697 2560 779 2619 enim,
789 2560 846 2621 quia
857 2561 882 2606 in
890 2562 1004 2621 principio
1015 2561 1069 2620 fecit
1079 2565 1143 2610 Deos

55 2630 187 2682 inhorrere
206 2632 348 2688 consuevit,
366 2643 413 2677 nec
438 2631 535 2689 patiens
553 2635 590 2681 est
612 2631 723 2677 colomeo
734 2632 836 2685 terrum,
847 2628 1072 2688 idest,incbristo
1083 2628 1143 2676 tecit

55 2701 223 2760 vomeris‚ubi
230 2700 326 2748 inlusus
335 2700 409 2748 terris
417 2701 505 2748 humor
512 2714 590 2749 exun-
613 2699 693 2758 Deus,
703 2697 1151 2757 velFiliusllciDeustecit,velper¹

20 2767 22 2770 ’
55 2770 107 2817 dat.
117 2771 176 2817 Erat
187 2782 244 2830 ergo
260 2770 442 2829 incomposita,
455 2771 541 2830 utpote
552 2785 590 2828 so-
613 2769 701 2814 Filium
709 2769 775 2814 Deus
783 2766 915 2825 lectt,quia
923 2769 1005 2813 omnia
1012 2769 1143 2826 peripsum

56 2840 127 2886 tertis
143 2839 265 2901 agricolao
277 2839 372 2886 inarata
386 2840 510 2898 culturis,
531 2841 590 2899 quia
613 2834 676 2881 tacta
687 2835 758 2891 sunt,
767 2834 793 2879 et
803 2834 856 2879 sine
865 2833 1142 2892 ipsotactumestnilril,

56 2907 137 2954 adbuc
145 2907 230 2954 deerat
242 2907 330 2954 cultor.
341 2907 399 2953 Erat
414 2906 588 2967 incompositar3
612 2902 741 2962 supererat
750 2901 879 2961 plenitudo
891 2901 1039 2960 operationis
1050 2902 1076 2946 in
1087 2900 1144 2959 Spi-

55 2974 116 3034 quia
126 2976 191 3023 nuda
205 2977 374 3036 gignentium,
386 2987 432 3022 nec
442 2976 521 3023 tboris
531 2976 590 3023 ner·
612 2973 678 3031 ritu,
690 2972 756 3019 sicut
765 2970 884 3030 scriptum
893 2973 930 3017 est
942 2983 949 3016 z
962 2971 1039 3018 Verbo
1047 2972 1145 3018 Domini

58 3042 118 3090 bosa
132 3042 254 3102 riparum,
273 3055 320 3089 nec
331 3054 412 3102 ⁴opaca
432 3044 588 3105 nemoribus,
611 3039 662 3090 cocti
670 3041 759 3101 firmati
768 3043 823 3088 sunt
827 3073 835 3097 ,
846 3043 867 3086 ct
875 3042 964 3100 Spiritu
972 3042 1020 3087 oris
1036 3040 1144 3098 ejusom-

57 3123 105 3159 uec
115 3110 170 3159 lon
180 3113 314 3172 segetibus,
323 3106 370 3158 nec
378 3106 491 3158 umbrosa
502 3125 589 3173 super·
611 3113 648 3158 nis
657 3112 733 3157 virtus
744 3121 833 3155 corum.
843 3109 929 3166 ltaque
937 3107 1144 3166 quemadmodum

58 3180 126 3227 ciliis
134 3181 321 3240 montium,nec
333 3180 406 3227 odora
417 3179 519 3228 tloribus
526 3215 534 3241 ,
542 3194 588 3230 nec
612 3180 638 3225 in
648 3179 743 3225 Psalmo
753 3177 868 3224 docemur
878 3176 1046 3235 operationem
1058 3176 1144 3234 Verbi,

57 3250 129 3309 grata
139 3249 238 3297 vinetis.
252 3249 338 3296 llerito
350 3249 524 3309 incomposita,
535 3263 589 3309 quaa
612 3248 677 3307 quod
683 3247 721 3294 cst
726 3247 836 3294 Verbum
846 3245 906 3305 Ilei,
915 3247 940 3293 et
945 3245 1063 3293 virtutem
1070 3256 1143 3303 quam

57 3317 185 3366 ornatibus
194 3319 330 3379 indigebat,
340 3317 381 3366 cui
391 3319 589 3367 deerantvitium
612 3316 680 3363 dedit
687 3316 793 3376 Spiritus
802 3315 914 3372 sanctus3
925 3314 960 3360 ita
969 3313 1010 3359 liic
1019 3312 1144 3372 propheti-

56 3385 317 3448 sertagemmantium.
327 3386 536 3435 Ostenderecnim
548 3402 590 3437 vo-
613 3397 669 3432 curn
683 3384 821 3432 resultavit
839 3385 981 3440 oraculum,
997 3382 1055 3440 quia
1076 3381 1145 3427 Deus

57 3455 108 3503 luit
118 3457 200 3516 Deus,
210 3457 268 3516 quia
278 3469 324 3505 nec
335 3457 441 3504 mundus
451 3455 504 3516 ipse
512 3458 591 3504 babe—
613 3453 691 3512 dixit,
710 3453 810 3499 ctDeus
829 3451 905 3508 tecit,
924 3449 1031 3509 Spiritus
1046 3459 1145 3506 quoquo

58 3525 99 3571 ret
109 3525 226 3584 gratiam,
237 3525 287 3572 nisi
300 3536 357 3573 eum
368 3525 436 3571 vario
452 3525 521 3571 cultu
532 3538 590 3584 ope·
613 3523 659 3568 llei
677 3520 877 3581 superierebatur
900 3530 974 3576 super
989 3529 1078 3576 aquas.
1099 3518 1145 3563 0r-

59 3594 257 3642 raturcruassct.
268 3595 362 3641 coelum
374 3591 456 3652 ipsum
467 3592 590 3640 intextum
614 3589 694 3635 nando
709 3588 776 3636 cuim
797 3587 863 3646 polo
879 3585 949 3646 cosli,
969 3585 1142 3644 germinaturis

59 3662 183 3722 nubibus,
202 3665 328 3711 horrorem
354 3662 433 3710 oculis
448 3654 589 3708 moestitiar'n
615 3659 687 3706 terris
702 3658 788 3717 pulcre
806 3656 912 3715 Spiritus
923 3653 1144 3715 ,superierebatun

59 3731 148 3779 animis
169 3733 280 3781 excitare
297 3732 434 3779 consuevit.
455 3731 529 3778 'terra
545 3728 591 3776 tm·
614 3729 671 3788 quia
682 3727 816 3788 peripsum
827 3726 1077 3773 trabebantnovorum
1088 3738 1145 3784 par·

60 3799 148 3847 bribus
166 3799 315 3859 madefacta,
334 3800 432 3848 fastidio
450 3800 496 3847 est.
515 3800 590 3846 illaria
614 3800 692 3845 tuum>
704 3796 798 3844 semina
827 3796 980 3856 germinare,
1007 3795 1144 3842 secundum

59 3869 176 3926 procellis
193 3870 304 3929 turbata,
322 3883 382 3929 quos
400 3881 450 3917 non
464 3869 590 3917 incutiunt
614 3864 679 3928 quod
689 3867 755 3915 dixit
769 3867 893 3926 Propheta
908 3867 1013 3913 :Einttte
1031 3866 1144 3924 Spintum

61 3937 160 3986 anetus?
169 3939 337 3987 Pulcherrima
344 3941 381 3986 est
390 3951 473 3986 rerum
484 3939 589 3998 specics,
614 3941 680 3985 tunm
695 3938 717 3984 ct
727 3936 878 3992 creabantur,
890 3937 912 3981 ct
922 3933 1044 3982 concanbio
1054 3933 1143 3991 ,faciens
1191 3952 1200 3962 x

60 4005 106 4052 sed
123 4006 183 4066 quid
202 4008 266 4055 esset
276 4007 330 4054 siue
344 4005 454 4054 lumine?
464 4006 524 4066 quid
534 4007 589 4054 sinc
614 4008 691 4055 terroe.
703 4005 815 4065 Denique
834 4012 918 4063 syrus,
932 4003 975 4063 qui
990 4001 1086 4048 vicinus
1099 3999 1144 4041 lic·

63 4074 590 4136 temperictquidsineuquarumcongrega-
614 4074 742 4133 braeo'est,
752 4075 780 4123 et
793 4083 905 4120 sermone
923 4069 1037 4117 consonat
1049 4066 1074 4111 ln
1090 4063 1145 4121 ple·
