2752 4806
211 393 257 442 ica
607 394 732 440 salicti
751 394 921 439 AMBROSH
985 439 988 442 Α

211 482 336 528 exaudiam
356 491 417 525 earet.
432 475 554 536 fudistis,
568 477 740 533 foeneratores,
767 478 845 537 lteqae
853 489 964 533 aarum,
974 471 1182 534 inquit,escoeam
1191 477 1298 537 accipies,

211 548 271 607 quid
278 550 329 595 Lex
339 546 420 605 dicat,
432 545 463 593 de
473 559 521 606 qua
533 545 597 593 dixit
607 545 740 593 Dominus:
766 558 841 604 neque
850 546 955 592 omnium
965 556 1046 590 reram
1058 555 1217 603 qameaarqae
1230 545 1302 604 freae·

212 618 265 663 iton
277 617 330 664 aeni
340 617 423 675 beqem
438 616 539 671 coicere,
549 616 587 662 sed
601 612 742 674 adimplere?
766 615 855 662 raseris
863 613 935 672 fratri
943 615 991 660 tao.
1001 612 1076 659 Fraus
1086 610 1155 658 euim
1163 610 1210 659 ista
1221 612 1300 660 etcir·

211 685 290 742 Quam
298 684 416 731 Dominus
427 695 475 731 uon
486 682 624 742 solvit,vos
632 682 743 731 solvitis?
767 682 927 742 cumscriptio
948 680 1021 740 Legis
1041 681 1093 740 est,
1111 692 1163 728 non
1179 680 1311 728 custodias

211 755 329 813 Usuram,
340 753 434 814 inquit,
446 752 546 813 petere,
562 753 680 800 suffocare
695 754 740 801 est.
766 750 796 797 Et
812 751 884 811 putas
894 752 920 798 te
931 750 973 810 pie
984 749 1080 807 facere,
1092 749 1153 809 quia
1163 761 1178 796 a
1188 750 1300 811 negotia·

211 823 366 882 Hocquoque
377 821 435 869 foris
446 834 500 869 sero
511 822 652 870 estdictum
662 833 676 868 a
687 823 741 882 qui·
767 821 820 868 tore
841 821 910 868 velut
930 832 1020 867 munus
1039 818 1161 879 suscipis?
1178 819 1239 866 lude
1257 820 1300 868 iilo

212 891 313 939 busdam
326 904 410 939 eorum
421 891 584 951 prudentibus
595 903 602 936 2
614 891 679 949 Quid
690 891 741 949 est,
767 889 878 938 fraudem
889 887 950 937 facit
958 890 986 936 in
994 889 1114 937 mercium
1125 889 1223 950 pretio,
1234 890 1299 937 uude

213 959 348 1008 funerare?
359 960 503 1019 Hominem,
516 960 609 1020 inquit,
620 958 741 1007 occidere.
767 958 815 1005 tibi
836 959 910 1006 solvit
928 971 1035 1006 usuram.
1057 957 1163 1005 Fraudis
1183 958 1252 1005 iliius
1270 958 1299 1004 tu

212 1030 351 1090 Sodutique
360 1042 408 1076 nou
417 1030 473 1077 Cato
481 1030 549 1089 prior
555 1042 629 1089 quam
636 1029 741 1088 Moyses,
767 1028 867 1086 auctor,
877 1027 907 1074 tu
916 1027 1052 1086 particeps,
1064 1026 1111 1074 tibi
1119 1025 1299 1087 proficitquid-

211 1100 253 1158 qui
266 1101 356 1159 Legem
367 1097 471 1158 accepit.
479 1098 554 1145 blulto
561 1099 605 1145 iiic
612 1097 740 1158 posterior.
767 1095 827 1154 quid
837 1095 880 1143 ille
889 1095 1047 1142 fraudaverit.
1058 1095 1088 1142 Et
1097 1107 1154 1142 esea
1164 1107 1238 1142 usura
1246 1095 1299 1154 est,

241 1167 280 1215 17.
302 1170 329 1216 Si
348 1170 432 1228 pignos
450 1169 563 1227 acceperis
582 1167 742 1214 cectimcotam
768 1164 955 1212 etvcstisusura
963 1163 1231 1224 est,etquodcumque
1240 1165 1298 1212 sorti

209 1239 335 1298 propinqui
342 1238 377 1284 tai
382 1269 390 1294 ,
401 1239 455 1284 aote
463 1237 629 1284 oolisoccasam
636 1236 743 1282 restitues
768 1233 876 1293 accedit,
886 1245 959 1282 usura
970 1232 1008 1281 est
1017 1245 1024 1278 2
1033 1231 1169 1292 quodvelis
1177 1232 1201 1280 ei
1209 1245 1297 1281 nomeu

211 1307 282 1363 iliad,
293 1319 323 1353 ae
333 1306 416 1353 nudati
431 1306 544 1364 appareat
556 1305 683 1364 torpitudo,
694 1304 743 1349 Vos
767 1301 890 1362 imponas,
909 1314 984 1350 usura
999 1304 1038 1350 est
1051 1300 1070 1348 ⁴.
1087 1301 1112 1348 Si
1129 1302 1231 1349 licitum
1248 1304 1299 1360 est,

211 1383 271 1418 vero
282 1373 376 1419 exuitis
386 1373 459 1431 atque
470 1372 581 1429 nudatis,
593 1372 618 1418 et
628 1383 677 1419 non
687 1370 743 1418 red·
768 1383 812 1418 cur
830 1373 977 1419 vocabulum
997 1370 1104 1431 refugis,
1123 1383 1171 1418 cur
1185 1372 1299 1418 velamen

211 1439 280 1487 ditis.
291 1442 380 1488 Videte
391 1453 422 1487 ue
432 1442 467 1488 sol
475 1441 572 1488 occidat
579 1453 653 1500 super
661 1441 742 1488 avari·
768 1439 881 1488 obtexis?
889 1441 915 1488 Si
926 1439 1042 1488 illicitum
1048 1440 1097 1501 est,
1108 1440 1298 1488 curincremeo-

210 1508 271 1554 tiam
285 1509 405 1569 vestram,
417 1521 448 1555 ne
460 1509 495 1555 sot
506 1508 609 1566 iustitiae
620 1510 689 1556 vobis
700 1522 743 1556 oc-
767 1509 820 1556 tum
830 1508 949 1568 requiris?

212 1575 292 1636 eldat3
309 1578 367 1637 quia
380 1577 503 1636 justitiam
516 1588 566 1623 non
576 1577 681 1636 tenetis,
699 1578 742 1624 aut
795 1578 834 1625 bo.
846 1578 915 1636 Quod
931 1579 1002 1639 peius
1016 1579 1066 1638 est,
1081 1578 1129 1625 hoc
1141 1577 1234 1626 vitium
1245 1579 1299 1638 plu·

212 1645 248 1691 sol
259 1645 396 1705 iniquitatis
407 1657 481 1705 super
490 1643 584 1703 flagitia
591 1643 673 1692 vestra
682 1656 742 1690 cou-
766 1645 884 1694 rimorum
895 1647 945 1707 est,
957 1648 983 1694 et
993 1647 1101 1709 maxime
1111 1647 1235 1707 divitum,
1246 1649 1299 1708 qui-

212 1712 293 1761 datur.
309 1715 368 1762 Dies
382 1725 479 1774 quoque
500 1713 566 1773 perit
582 1712 674 1772 invito,
690 1725 741 1759 nox
766 1713 811 1761 bus
827 1715 874 1762 boc
888 1716 988 1762 nomine
1004 1715 1133 1762 struuntur
1150 1708 1262 1763 cellaria.
1273 1716 1298 1763 Si

211 1782 285 1847 irruit
295 1783 360 1829 sicut
374 1782 455 1841 luda,
469 1782 512 1842 qui
522 1794 578 1828 cum
590 1781 700 1832 diabdus
714 1793 740 1828 se
766 1783 822 1842 quis
841 1783 1030 1831 instaurandum
1050 1783 1196 1831 convivium
1215 1785 1298 1844 putat,

211 1848 318 1896 misisset
328 1849 354 1894 in
366 1862 407 1896 cor
417 1849 484 1907 ejus,
499 1848 606 1894 surrexit
616 1848 647 1894 ad
657 1848 741 1908 prodi·
766 1853 798 1899 ad
808 1853 986 1912 negotiatorem
1002 1844 1093 1909 mittit,
1108 1853 1138 1899 ut
1149 1853 1298 1912 absynthiati

211 1916 319 1976 tionem,
330 1917 429 1964 1111011
442 1918 480 1965 est
491 1927 556 1975 n0¹13
567 1917 603 1963 ⁸⁰¹
616 1916 682 1962 essim
690 1915 741 1973 jus·
767 1922 889 1981 cupellam
900 1923 948 1970 sibi
959 1922 1034 1982 gratis
1043 1913 1157 1968 deferat:
1169 1922 1201 1968 ad
1210 1934 1298 1982 caupo-
1329 1922 1332 1924 ’

211 1985 274 2032 litiae
286 1984 411 2033 occiderat
421 1985 461 2044 ei,
475 1986 501 2032 et
510 1984 658 2032 recubuerat
668 1997 742 2044 super
765 2002 823 2036 nem
842 1991 939 2051 dirigit,
955 1993 984 2040 ut
1000 1992 1119 2039 picenum
1135 1991 1240 2049 vinum,
1258 1994 1299 2039 aut

212 2067 278 2102 cum.
289 2053 337 2112 Qui
348 2054 374 2100 iu
387 2067 429 2101 cor
439 2054 493 2112 ejus
504 2053 621 2112 intravit,
633 2053 693 2101 fecit
703 2054 740 2100 illi
765 2059 896 2118 tyriacum
907 2061 1031 2120 requirat:
1042 2060 1074 2107 ad
1084 2060 1196 2119 lanium,
1205 2061 1235 2107 ut
1244 2061 1298 2107 vul·

211 2122 341 2183 tenebras,
359 2124 387 2170 ut
402 2123 467 2170 lucis
481 2134 530 2169 uon
546 2122 643 2170 videret
659 2122 741 2169 aucto·
765 2141 822 2176 vam
833 2130 880 2177 sibi
889 2128 1040 2190 procuret⁴'=
1047 2130 1078 2177 ad
1086 2130 1217 2188 alium,ut
1227 2141 1299 2189 poma

211 2205 273 2240 rem.
286 2192 323 2239 Ibi
333 2192 408 2239 miser
416 2192 491 2251 periit
501 2192 526 2237 in
537 2192 581 2238 illo
592 2191 740 2239 conviviolo
765 2199 812 2245 sihi
823 2199 934 2247 edomet,
946 2199 1222 2260 ltaquehumanstgtem
1235 2198 1298 2255 judi.

212 2275 261 2322 quo
269 2262 313 2308 alii
321 2261 456 2309 salvantur.
467 2260 572 2308 Reddite
581 2260 656 2319 igitur
666 2260 741 2307 vesti·
765 2269 821 2315 cant
833 2281 888 2327 quae
906 2269 987 2315 alieno
997 2268 1109 2327 periculo
1121 2269 1246 2316 constant,
1263 2269 1298 2314 'ru

211 2330 323 2377 meorum
338 2328 458 2388 debitori,
474 2329 500 2374 in
515 2340 563 2388 quo
579 2328 700 2387 dormiat,
716 2330 741 2376 et
765 2339 842 2399 brois,
852 2340 877 2387 et
888 2340 950 2386 arros
961 2339 1053 2386 1111111
1061 2338 1231 2398 lacrymoso
1238 2351 1297 2398 epu-

211 2399 311 2458 quietus
321 2399 361 2446 Sil·
374 2401 401 2446 Si
412 2399 534 2446 'wlltrl'tl'ss
547 2399 655 2454 reddere,
665 2411 742 2444 eacao-
765 2409 836 2466 laris,
853 2409 879 2455 et
896 2408 957 2456 alios
972 2409 1027 2455 cibo
1044 2408 1087 2455 tuo
1102 2407 1242 2466 strangulas
1252 2421 1259 2453 1
1271 2410 1296 2454 tu

211 2471 289 2524 diam,
300 2468 471 2527 1111111111ωωὶ
480 2467 739 2526 11111118111101111111·
765 2476 917 2536 symphonia⁴
926 2476 1073 2536 delectaris,
1084 2476 1110 2522 et
1120 2475 1186 2523 atius
1195 2477 1299 2524 misera·

212 2537 238 2584 Si
253 2549 296 2585 vos
314 2549 362 2583 non
381 2535 519 2598 exauditis,
535 2547 580 2593 ego
596 2534 739 2593 exaudiam,
768 2567 1299 2580 .-.........................-.

212 2617 257 2666 ego
267 2605 416 2663 miserebor,
427 2615 472 2663 ego
483 2615 532 2650 non
542 2602 677 2662 despiciam
688 2605 741 2650 ino-
787 2613 813 2642 ··‹
825 2611 866 2648 Ter
874 2615 902 2648 est
909 2612 928 2647 re
935 2621 979 2648 sens
986 2610 1114 2648 saturatus
1122 2611 1297 2658 patarenorum

211 2686 250 2734 prs
261 2687 369 2734 precem.

237 2740 740 2804 te.1nDeuteronomioquoquescriptum

212 2813 250 2860 cst
260 2820 268 2860 t
279 2815 333 2861 Noa
344 2815 421 2872 exiges
431 2828 446 2860 a
456 2813 532 2872 fratrc
543 2816 583 2860 tao
594 2826 693 2860 asarum
703 2827 740 2872 po

212 2884 300 2939 cuniae,
317 2884 339 2929 et
352 2895 451 2928 asarum
468 2894 588 2938 coconem,
605 2884 627 2928 et
643 2895 741 2928 usuram

212 2954 317 2998 omnium
332 2964 412 2998 reram
427 2964 582 3011 quaecamque
592 2951 741 3009 feneraveris

212 3020 284 3075 fratri
294 3022 341 3066 tao.
354 3021 381 3066 si
391 3020 525 3078 alienigenae
536 3020 673 3076 credideris,
685 3033 741 3066 asu·

212 3098 267 3132 ram
280 3088 357 3144 eaiqcs
367 3087 427 3133 ahco
436 3101 444 3134 .·
453 3101 468 3132 a
476 3087 551 3145 fratre
559 3090 638 3133 autem
648 3089 740 3133 trconon

212 3156 298 3214 eaiqes.
306 3154 381 3200 Vides
389 3154 507 3212 quantum
517 3154 611 3212 pondus
622 3154 649 3200 in
659 3155 741 3202 verbis

212 3223 253 3270 sit.
264 3221 432 3282 Noti,inquit,
443 3224 535 3283 exigere
542 3236 659 3271 mareota
666 3224 740 3283 fratrc

212 3295 266 3350 iao,
284 3292 331 3339 hoc
346 3291 398 3351 est,
414 3304 470 3338 cum
489 3303 536 3351 quo
554 3291 647 3338 hahere
665 3291 741 3339 debes

212 3360 295 3407 omnia
305 3360 457 3420 communia,
465 3360 495 3407 ab
504 3371 533 3406 eo
542 3361 570 3407 tu
577 3372 677 3407 usuram
685 3361 741 3407 exi-

131 3458 134 3464 ·
196 3428 263 3490 gisl
283 3430 369 3477 Frater
386 3429 445 3478 tuus
464 3440 561 3476 consors
581 3424 693 3488 natura,
715 3429 741 3476 ot

212 3499 320 3547 coheres
331 3498 423 3558 gratia,
434 3497 485 3544 noli
496 3497 525 3544 ab
537 3509 565 3544 eo
577 3496 677 3557 exigere
688 3509 740 3543 am·

212 3568 292 3626 ptius,
309 3580 323 3614 a
339 3580 387 3627 quo
397 3566 486 3614 durum
501 3567 538 3614 est
553 3566 665 3625 repetere
676 3565 741 3625 quod

213 3634 378 3693 dederis,nisi
387 3647 444 3681 cum
452 3634 568 3680 habuerit
579 3633 643 3679 unde
651 3632 738 3679 solvat.

243 3700 283 3748 19.
294 3702 324 3748 Et
332 3703 389 3760 quia
399 3703 511 3763 plerique
519 3701 668 3760 refugientes
679 3713 740 3760 prae·

214 3770 286 3830 cepta
303 3770 388 3828 Legis,
405 3784 461 3818 curn
480 3771 593 3818 dederint
608 3770 740 3831 pecuniam

766 2683 775 2697 ιι
788 2663 913 2711 improbe,
927 2666 982 2714 qu'il
998 2667 1050 2703 n’est
1064 2675 1100 2713 pas
1114 2666 1164 2713 plus
1179 2667 1260 2713 permis
1272 2666 1297 2702 de

765 2736 774 2751 ιι
788 2720 886 2757 receuoir
904 2718 940 2756 des
955 2717 1042 2755 denrdes
1057 2729 1101 2766 quo
1117 2718 1145 2755 de
1162 2719 1266 2766 l'argeut,
1278 2721 1297 2754 et

766 2790 775 2805 ιι
787 2784 829 2821 que
838 2777 906 2810 toules
912 2774 942 2810 les
950 2772 988 2810 fois
995 2783 1038 2820 que
1045 2770 1139 2808 l’inlerdl
1148 2782 1176 2809 en
1185 2776 1297 2819 argentost

766 2843 774 2858 ιι
788 2828 897 2868 usurasne,
909 2827 929 2863 le
945 2826 1010 2874 profit
1028 2835 1054 2862 en
1072 2824 1162 2863 denrees
1178 2826 1296 2875 l'estNaussi.

766 2896 774 2910 ιι
787 2881 866 2926 L'ohJet
879 2880 910 2917 du
918 2879 1013 2917 discours
1021 2882 1040 2915 et
1048 2880 1069 2915 la
1077 2879 1134 2916 suite
1144 2879 1177 2916 du
1187 2880 1297 2917 raisonne·

765 2950 774 2965 ιι
788 2938 847 2971 ment
856 2935 876 2971 le
885 2933 1030 2971 demontrent.
1039 2932 1091 2970 Mais
1099 2932 1116 2968 il
1124 2943 1153 2970 ne
1163 2936 1214 2970 veut
1224 2933 1296 2970 nulle·

766 3005 774 3019 ι
787 2993 847 3026 ment
855 2988 931 3026 ilablir
939 2989 966 3025 ici
975 2998 1017 3036 que
1028 2990 1076 3024 tout
1088 2985 1194 3024 excedant
1203 2987 1229 3024 de
1238 2989 1297 3024 toute

765 3059 774 3075 ..
786 3040 855 3090 espdce
864 3043 890 3080 de
903 3041 951 3091 prtt
962 3046 991 3079 est
1005 3041 1125 3087 illegitime.
1137 3039 1173 3080 On
1181 3040 1250 3078 insiste
1258 3050 1296 3077 sur

765 3113 774 3128 ιι
787 3108 810 3135 ce
820 3105 863 3145 que
877 3097 930 3132 saint
939 3093 1052 3133 Ambroise
1068 3094 1129 3141 parle
1141 3093 1172 3131 du
1181 3093 1230 3142 pret
1239 3092 1297 3131 faith

765 3166 774 3180 ιι
788 3161 819 3187 un
827 3148 937 3197 negocianc
939 3177 974 3187 .....
980 3148 1052 3186 Maisil
1061 3151 1090 3184 est
1096 3145 1229 3195 ivideotpar
1237 3151 1297 3185 route

765 3219 774 3235 ιι
787 3205 807 3240 la
825 3205 879 3241 suite
896 3203 927 3240 du
943 3203 1038 3240 discours
1048 3212 1091 3249 que
1105 3202 1126 3238 le
1139 3202 1193 3239 saint
1206 3201 1297 3240 docteur

766 3273 775 3289 ιι
787 3259 845 3305 parle
855 3257 883 3295 ici
892 3257 923 3294 du
932 3256 981 3305 prii
990 3256 1027 3292 fait
1036 3253 1048 3292 a
1057 3265 1089 3292 uu
1098 3255 1152 3302 petit
1165 3254 1297 3301 marchand,

766 3326 774 3341 ··
787 3311 866 3358 auquel
875 3311 891 3346 il
903 3309 971 3357 paroil
980 3319 1022 3358 qua
1032 3309 1124 3355 l'argent
1133 3309 1190 3346 avoir
1199 3307 1233 3345 dte
1240 3306 1297 3356 preti

766 3381 775 3396 ιι
787 3365 981 3411 precationesue
992 3373 1035 3409 que
1044 3363 1092 3400 cest
1103 3362 1297 3410 posterieuremeut

765 3436 774 3452 ιι
786 3418 974 3468 supremosque
985 3419 1005 3455 te
1013 3417 1133 3455 marchand
1147 3419 1202 3456 croit
1216 3418 1297 3456 n'aroir

765 3489 774 3504 ιι
787 3474 834 3511 rien
840 3472 852 3509 d
859 3482 931 3521 payer,
938 3473 1002 3519 qu'ou
1009 3473 1067 3508 sient
1076 3472 1109 3507 lui
1118 3472 1237 3510 anteverce
1244 3471 1297 3519 qu’il

765 3543 774 3558 ιι
786 3526 832 3563 ade
843 3526 944 3562 meilleur
957 3525 1008 3561 dens
1019 3535 1040 3562 sa
1051 3522 1165 3572 houtique.
1180 3523 1216 3563 On
1225 3525 1252 3560 1¹2
1260 3525 1297 3561 in·

765 3596 774 3611 ιι
787 3580 834 3618 duit
840 3590 865 3616 en
872 3587 952 3617 erreur
957 3588 995 3626 par
1005 3579 1137 3626 l’apparence
1146 3579 1197 3617 d'un
1206 3578 1297 3615 bienfait

766 3651 774 3665 ιι
787 3636 851 3681 qu’on
859 3634 892 3670 lul
900 3634 936 3670 fait
945 3633 1027 3670 ensuite
1036 3629 1077 3669 cris
1085 3631 1213 3670 cherement
1221 3643 1295 3680 payor.

765 3703 774 3717 ιι
786 3688 841 3724 Rien
850 3685 876 3723 de
884 3686 950 3734 parcit
958 3687 992 3723 n'a
1004 3686 1049 3722 lieu
1056 3685 1108 3723 dans
1116 3687 1137 3723 le
1146 3686 1193 3734 pret
1202 3685 1229 3722 de
1239 3697 1297 3725 com·

765 3755 774 3771 ιι
786 3750 864 3777 merce.
872 3755 881 3770 ιι
889 3740 1009 3780 haluzerne.
1019 3739 1050 3775 du
1057 3739 1102 3776 Prii
1111 3739 1136 3777 de
1143 3751 1199 3785 eom,
1209 3744 1222 3776 t.
1230 3741 1243 3777 2
1252 3744 1269 3778 et
1278 3741 1296 3776 1.

786 3794 803 3812 “
812 3793 963 3834 Absiatbiatum,
972 3795 1008 3829 aul
1019 3795 1043 3828 ul
1051 3791 1103 3828 alibi
1109 3793 1224 3839 scribitur,
1229 3793 1298 3840 absyn-

213 3838 420 3900 negotiatoribus,
432 3850 480 3885 non
495 3840 522 3885 in
532 3840 639 3898 pecunia
654 3851 741 3886 usuriis
765 3845 857 3887 eliaam.
868 3846 946 3884 einum
955 3849 983 3884 est
993 3844 1090 3883 absintho
1098 3845 1215 3883 condilum
1225 3857 1231 3883 1
1242 3846 1297 3884 Pice·

214 3911 330 3972 exigunt,
341 3909 384 3956 sed
399 3909 430 3956 de
440 3910 564 3957 mercibus
581 3921 666 3956 eorum
676 3910 741 3956 tam,
765 3903 941 3945 numautem,et
951 3900 1070 3947 Tyriacum
1084 3898 1296 3948 itadicunturalo·

214 3993 288 4040 quarn
312 3990 440 4026 usuramm
468 3978 634 4025 emolumenta
658 3978 739 4038 perci-

765 3954 793 3991 cis
806 3955 827 3990 in
841 3954 920 4002 quibus
934 3958 1059 3992 nascuntur.
1073 3953 1107 3990 Est
1121 3954 1182 3991 enim
1192 3954 1296 3992 Picenum

766 4008 823 4055 regio
837 4007 937 4054 quaedam
953 4007 1033 4052 ltaliae,
1043 4005 1117 4054 Tyrus
1133 4016 1187 4046 vero
1202 4006 1259 4046 urbs
1273 4005 1295 4043 in

214 4049 299 4108 piuot3
317 4048 373 4096 ideo
391 4047 492 4095 audiant
506 4045 567 4106 quid
586 4046 638 4093 Lex
658 4046 737 4095 dieat:
765 4060 845 4098 usia-
854 4061 942 4101 aalma.
953 4061 1061 4108 porcinam
1072 4059 1158 4100 albeat.
