2752 4806
359 423 399 468 DE
418 425 546 469 JOSEPH
566 424 799 471 Plrnrlncrrn
819 426 917 471 LIBER
936 427 1030 471 UNUS.
1182 425 1229 474 520

146 502 425 565 supereruiuons‚supra
433 505 541 553 omnium
550 505 672 554 desideria
698 507 750 554 tum
768 507 806 554 est
822 506 919 554 dicento
936 506 998 554 luda
1015 521 1022 552 τ
1038 510 1116 556 Potuit
1132 509 1175 557 icoc
1186 523 1225 557 oc-

146 574 285 618 sanctorum
308 572 432 622 immensas
457 574 555 621 teneret
577 574 672 634 apicem
697 577 808 622 ooordari
818 577 920 624 <ionariis
932 579 1044 624 trecentis.
1056 577 1107 633 Quo
1123 590 1228 625 numero

146 640 288 700 potestatis,
298 655 371 701 quem
382 642 438 689 voto
453 643 537 690 nullus
548 640 672 702 aequareti
698 657 747 691 non
758 645 915 703 quantitatis,
927 645 971 691 sed
986 645 1130 704 significatio
1148 647 1228 694 crucis

145 709 383 769 Compensaturergo
392 709 417 755 in
426 710 570 769 patriarchis
580 710 673 756 inuidia
698 711 795 760 videtur
806 726 930 772 expressa.
941 715 977 761 lia
988 713 1029 760 lric
1041 725 1137 773 quoque
1146 714 1228 761 diver·

145 775 313 835 pergratiam,
323 777 366 834 qui
375 778 400 823 et
409 778 556 824 excusantur
566 790 580 824 a
591 779 672 838 culpa,
698 780 756 828 sitas
772 781 811 828 vei
824 781 912 840 viginti
922 783 963 829 vel
980 781 1080 841 triginta
1096 793 1235 828 aureorum>

146 843 173 889 ct
190 843 348 890 revelationis
366 857 468 892 munere
490 849 671 893 consecrantur.
699 849 738 895 vel
749 850 936 908 argenteorum,
949 850 1024 897 habet
1035 850 1076 897 rei
1095 849 1226 907 geminate

102 922 104 927 ·
145 911 197 957 Nou
207 911 330 957 enimtam
339 911 460 970 culpabile
472 913 609 961 estdixisse
618 927 673 973 quae
698 917 737 963 vel
757 917 887 976 triplicatae
915 917 1073 976 perfectionis
1097 917 1227 964 indicium.

145 979 225 1039 plebis
234 980 304 1038 sunt,
315 992 387 1040 quam
399 980 498 1028 beatum
514 980 606 1030 vidisse
618 996 672 1043 quae
697 985 756 1030 Nam
767 984 855 1043 viginti
866 984 975 1044 quinque
986 985 1069 1042 aurei,
1078 983 1173 1041 jubilaei
1185 984 1228 1044 qui

145 1048 233 1095 Christi
251 1049 316 1096 suut.
327 1048 599 1109 Subieruutpersonam
614 1063 673 1111 pec·
698 1052 735 1098 est
757 1052 908 1099 remissionis
934 1065 1067 1111 numerus,
1086 1052 1225 1111 significant

146 1117 234 1164 catoris
247 1116 346 1177 populi,
361 1116 390 1163 ut
408 1117 548 1176 acciperent
571 1120 672 1177 gratiam
698 1120 899 1179 pretiosissimam
910 1119 1057 1178 portionem.
1067 1120 1228 1180 Hicquoque,

145 1186 243 1233 Domini
255 1185 409 1234 redemtoris.
422 1187 492 1233 Certe
508 1187 604 1246 culpam
618 1188 673 1234 abo·
699 1188 726 1234 ut
741 1188 869 1236 dominicae
887 1189 1006 1248 passionis
1023 1188 1126 1247 figuram
1143 1189 1229 1235 adver·

145 1254 501 1314 levitgratia,pratian1culpa
512 1267 560 1301 non
572 1255 671 1302 minuit.
698 1255 747 1312 tas,
764 1255 799 1302 ait
816 1256 890 1302 Judas
912 1256 1050 1315 patriarcha
1067 1269 1074 1300 r
1095 1259 1227 1306 Troiamne

177 1321 214 1370 li.
229 1324 258 1370 Et
269 1323 297 1369 ut
313 1334 487 1382 cognoscamus
495 1335 568 1370 omne
585 1324 631 1370 hoc
642 1325 672 1371 de
697 1324 780 1382 decepis
790 1326 912 1373 ismaelitis
928 1341 937 1371 .·
954 1328 1074 1372 aimanos
1085 1327 1170 1372 noslroe
1180 1338 1228 1372 oon

144 1393 236 1453 populo
247 1393 272 1438 et
287 1391 317 1439 de
335 1391 437 1438 Domino
452 1393 511 1438 lesu
528 1393 672 1451 mysterium
697 1393 743 1438 sisi
753 1392 918 1452 injecioesoper
927 1406 988 1439 eom,
1000 1394 1029 1439 Et
1039 1393 1103 1439 bene
1114 1393 1227 1450 superius

145 1473 200 1507 esse
208 1474 214 1506 τ
222 1461 246 1507 V
245 1461 312 1517 orire,
319 1459 407 1519 inquit,
415 1462 542 1508 vendamus
549 1461 633 1521 ioseph
638 1463 673 1510 is·
697 1459 795 1506 dixerat
803 1474 810 1505 ε
819 1463 905 1508 dianus
916 1463 994 1507 aulem
1005 1462 1075 1507 nolite
1083 1462 1170 1519 inferre
1180 1462 1225 1508 ilii.

145 1528 537 1587 inscitisQuidinterpretationis
548 1529 672 1576 habetne·
696 1529 765 1585 Quod
774 1529 853 1575 ludaei
869 1530 896 1575 iu
911 1529 1009 1575 Domini
1025 1530 1137 1589 passione
1155 1529 1228 1576 dixe·

145 1595 366 1655 mendoseph,nisi
377 1595 558 1654 quoddivinam
569 1598 671 1654 gratiam
696 1597 754 1643 runt
765 1610 772 1643 τ
783 1597 857 1645 Nobis
873 1610 921 1644 noa
938 1599 989 1646 iicet
1005 1599 1131 1655 interficere
1149 1610 1228 1656 pecem-

145 1661 280 1723 significet,
288 1664 312 1711 et
320 1663 504 1725 expressionem
514 1664 561 1710 Dei
572 1665 670 1712 summi.
696 1677 767 1723 quom
773 1681 782 1725 ,·
790 1665 818 1712 ut
826 1676 905 1712 sermo
915 1667 973 1712 Jesu
982 1666 1140 1723 impieretur,
1150 1665 1225 1724 signi-

145 1726 203 1787 Quis
211 1729 286 1788 igitur
297 1730 421 1789 venditur,
431 1730 577 1791 nisiiileqoi
584 1745 636 1778 cum
646 1734 671 1779 io
696 1732 771 1780 ficans
781 1745 829 1792 qua
841 1735 919 1780 morte
931 1733 1064 1780 moriturus
1076 1733 1149 1779 esset.

145 1801 223 1858 formo
231 1801 275 1862 Dei
286 1803 344 1848 osset
349 1832 357 1857 ,
364 1813 412 1846 oon
422 1801 532 1859 copinam
542 1801 670 1849 arbitratos
727 1801 765 1846 ld.
774 1802 897 1855 damtune
907 1813 964 1861 ergo
975 1801 1054 1849 crucis
1062 1800 1152 1848 futuras
1162 1813 1226 1868 pras-

145 1871 178 1915 est
191 1881 236 1915 esse
248 1881 272 1915 se
283 1870 398 1928 equalem
405 1871 454 1916 Deo
464 1870 518 1915 :sed
525 1871 670 1928 semetipsum
697 1867 845 1927 figurabatur
853 1870 962 1930 insigne3
972 1871 1045 1918 simul
1057 1871 1082 1918 et
1093 1871 1156 1930 quod
1165 1883 1226 1919 exu-

145 1936 288 1992 exiucaioit,
316 1936 418 1994 sormam
443 1937 502 1983 servi
539 1936 671 1995 accipiens?
697 1936 737 1982 tus
748 1939 786 1984 est
801 1937 939 1996 tunica,id
951 1939 1000 1996 est,
1016 1952 1088 1986 carue
1100 1952 1172 1999 quam
1184 1939 1226 1987 ad-

145 2004 229 2062 Neque
243 2003 362 2050 enimnos
377 2014 434 2050 eum
450 2002 607 2062 emissemus,
623 2003 671 2050 nisi
697 2003 784 2049 sumsit
799 2005 890 2050 exutus
908 2002 959 2063 est,
976 2006 1065 2053 decora
1083 2007 1226 2056 diversitate

139 2073 315 2129 ,vendidissent
324 2085 389 2119 eum.
398 2073 475 2130 Quem
485 2071 524 2119 sui
539 2073 603 2118 maie
611 2085 673 2120 ven·
697 2069 825 2117 virtutum.
835 2073 895 2130 Ergo
901 2071 985 2119 tunica
993 2073 1060 2131 ejus,
1068 2073 1094 2118 id
1102 2074 1152 2127 est,
1161 2086 1227 2134 caro,

142 2140 358 2200 ,diderunt,aiieni
367 2140 439 2200 peius
447 2141 570 2188 emerunt.
581 2141 672 2188 vendi·
696 2149 745 2184 nou
764 2139 882 2186 divinitas
899 2140 1026 2188 cruentata
1043 2141 1081 2187 est
1099 2141 1144 2187 :et
1155 2140 1227 2188 indu·

145 2209 234 2257 derunt
243 2209 435 2269 negotiatoribus
450 2209 542 2256 honum
557 2209 670 2268 odorem,
697 2207 807 2254 mentum
819 2207 843 2255 ei
859 2208 939 2255 carnis
954 2221 1005 2268 nou⁴
1017 2206 1227 2256 immortalitatem

145 2279 258 2326 emerunt
276 2278 474 2338 aproditoribus.
486 2278 605 2325 Vendidit
613 2291 670 2326 eum
696 2278 754 2327 ¹uitae
765 2277 863 2336 auferre
874 2275 1099 2338 potuerunt.÷iianc
1116 2272 1226 2325 tunicam
1287 2281 1290 2287 '

144 2347 231 2405 iudas,
241 2348 354 2393 emerunt
370 2346 563 2405 ismaelitas,qui
579 2347 671 2406 signiti-
696 2347 802 2394 iudaicae
818 2348 903 2394 bestie
915 2349 1119 2407 cruentaverunt,
1130 2348 1179 2394 illac
1195 2348 1227 2395 de

144 2415 231 2462 cantur
242 2415 318 2461 latina
331 2413 617 2473 interpretatione,odio
626 2416 671 2461 ha·
696 2416 785 2474 quihus
799 2415 861 2463 dicit
872 2429 879 2462 a
891 2418 949 2464 Ecce
968 2431 1008 2478 epo
1025 2418 1092 2464 rnitto
1109 2429 1149 2465 vos
1167 2417 1226 2465 sicot

144 2484 233 2531 Dentes
244 2485 324 2531 mum
336 2495 417 2530 suum.
432 2481 490 2529 ideo
499 2482 559 2528 aiibi
572 2482 671 2543 viginti,
697 2497 770 2544 conos
780 2486 842 2532 inter
850 2486 924 2544 iupos-
1006 2507 1009 2511 >

145 2552 205 2600 aiibi
222 2552 311 2610 uiginti
323 2550 348 2598 et
369 2550 478 2610 quinque
498 2550 595 2609 aureis,
610 2552 671 2598 alibi
727 2551 765 2598 lli.
777 2551 848 2609 Quod
864 2553 948 2600 autem
968 2552 1036 2599 lacus
1054 2551 1133 2599 siccus
1160 2553 1225 2611 eret,

144 2621 244 2682 triginta
250 2620 389 2667 invenimus
400 2618 494 2666 emtum
502 2619 671 2680 Joseph3quia
696 2618 756 2677 quid
766 2621 857 2666 mirum
869 2619 889 2667 si
900 2620 1039 2667 ludaeorum
1056 2620 1124 2667 lacus
1134 2631 1222 2682 aquam

144 2683 316 2738 nouorunihus
326 2689 399 2734 unius
413 2687 577 2734 estimatione
596 2689 670 2747 prelii
696 2700 746 2734 non
762 2689 851 2748 habet,
867 2688 910 2749 qui
928 2688 1115 2747 dereliquerunt
1131 2688 1224 2735 fontem

144 2759 212 2808 valet
225 2758 341 2805 Christus.
357 2756 418 2802 Aliis
435 2756 530 2816 minus,
546 2757 602 2804 aliis
620 2769 672 2817 am-¹
697 2756 854 2815 aquaevivae,
869 2759 894 2804 et
904 2755 1019 2802 iecerunt
1029 2756 1076 2803 sibi
1091 2756 1158 2802 lacus
1169 2768 1227 2802 con·

143 2827 299 2891 plius.Fides
315 2825 622 2887 ementis,incrernentum
635 2828 672 2890 est
696 2822 783 2871 tritos?
794 2824 823 2870 Et
833 2825 860 2870 ut
870 2824 932 2870 scias
942 2835 1030 2870 verum
1039 2824 1085 2869 hoc
1097 2835 1151 2869 esse
1163 2836 1227 2883 mys·

143 2895 234 2944 mercis
242 2908 249 2940 r
258 2893 538 2953 religiosioripretiosior
546 2894 583 2940 est
592 2893 671 2952 Deus,
697 2892 800 2952 terium,
812 2893 864 2952 ipse
873 2891 904 2939 de
917 2904 942 2938 se
954 2892 1071 2938 Dominus
1082 2892 1116 2938 ait
1127 2893 1227 2941 :Posse-

143 2963 266 3026 peccatori
275 2962 405 3022 pretiosior
411 2962 448 3008 est
454 2960 672 3012 redemtor.Pluris
696 2964 751 3009 runt
760 2975 796 3010 me
804 2964 829 3009 ia
841 2962 894 3009 ioco
904 2961 1025 3020 infcriori,
1036 2961 1063 3007 io
1074 2959 1187 3018 tenebris,
1202 2963 1225 3009 cl

145 3034 171 3082 et
183 3033 220 3079 illi
231 3031 298 3079 valet
313 3030 355 3090 qui
364 3031 418 3089 plus
426 3029 593 3087 lrabetgratias
609 3041 616 3074 ε
628 3030 671 3076 sed
696 3031 719 3076 in
730 3031 913 3078 umdrcmortis.
1042 3088 1044 3090 ,

144 3102 220 3152 etiam
238 3099 278 3147 cui
296 3098 374 3145 multa
398 3097 487 3144 donata
504 3099 574 3154 sunt,
592 3097 671 3158 pluris
716 3093 1227 3157 l7.liliigiluremuntCirristumquibonos

144 3168 225 3227 valet3
234 3158 292 3228 quia
301 3167 341 3214 cui
352 3167 406 3226 plus
416 3166 544 3213 remissum
553 3166 604 3225 est,
615 3167 671 3225 plus
695 3167 781 3214 odores
791 3166 915 3226 deferunt,
924 3165 1068 3225 thymiama,
1074 3164 1227 3224 quoadolent

144 3238 238 3298 diligit,
256 3236 389 3294 sicutipse
407 3236 527 3281 Dominus
546 3235 572 3281 in
591 3237 671 3282 Euan·
695 3236 781 3282 altaria
805 3236 852 3295 piae
878 3232 994 3293 mentis(
1014 3233 1079 3280 unde
1102 3232 1129 3278 ei
1150 3232 1229 3280 David

143 3308 208 3366 geilo
218 3304 385 3366 pronuntiarit
395 3303 425 3351 de
441 3303 484 3348 ilia
500 3302 605 3349 muliere
616 3316 670 3362 quae
695 3316 772 3361 graece
783 3304 829 3349 hoc
837 3295 1229 3358 modoaitzlisievivsiineoirnpog-

143 3389 220 3436 super
227 3375 279 3433 ejus
289 3374 365 3435 pedes
373 3371 458 3418 eliudit
467 3371 633 3430 unguentum,
646 3373 670 3418 ct
695 3385 750 3427 ευχη
761 3367 835 3428 pavois
846 3365 945 3426 θυμιαμα
954 3381 1040 3410 ενωπιον
1048 3363 1100 3425 σου)
1108 3364 1229 3422 ,resinam

143 3442 258 3503 lacrymis
274 3442 348 3498 lauit,
365 3439 390 3486 et
408 3437 503 3497 capillis
519 3437 569 3484 suis
587 3437 669 3497 tersit,
695 3448 791 3495 quoque
805 3449 852 3495 qua
867 3446 989 3481 marmora
1000 3432 1122 3496 contracta
1133 3433 1229 3480 sociau-
1255 3453 1258 3461 ·

144 3513 170 3560 et
180 3511 270 3559 osculis
279 3507 394 3566 siccavit,
404 3506 435 3553 de
448 3518 496 3566 qua
505 3505 540 3552 ait
551 3505 582 3551 ad
593 3505 671 3551 Simo·
696 3506 743 3550 tur.
759 3504 799 3549 Est
809 3503 891 3549 resina
907 3499 1025 3560 spiritalis
1040 3511 1094 3558 quae
1110 3498 1230 3548 fracturas

142 3592 220 3628 nem:
237 3581 335 3638 Propter
351 3577 411 3637 quod
425 3577 474 3621 dico
490 3573 532 3621 libi
545 3588 553 3619 .·
566 3575 671 3621 Remissa
696 3573 784 3618 animae
790 3572 839 3617 tuae
845 3570 942 3628 solidet,
949 3569 974 3615 et
984 3569 1080 3615 divulsa
1090 3568 1226 3630 connectat,

142 3652 198 3700 sunt
213 3651 235 3696 ei
248 3650 344 3708 peccato
358 3646 446 3701 molto,
463 3644 575 3703 quoniam
590 3643 670 3690 ditescit
696 3641 801 3687 resoluta
808 3638 963 3698 constringat.
970 3637 1101 3703 Haecenim
1110 3639 1227 3698 spiritalis

142 3720 252 3766 molium,
261 3718 305 3765 Cui
314 3718 391 3762 autem
400 3715 478 3760 missus
486 3711 618 3766 dimittitur,
627 3711 671 3756 cni·
696 3710 778 3755 resina
794 3707 944 3765 corroborat,
956 3707 981 3754 et
996 3706 1107 3767 quaedam
1126 3707 1228 3755 commi·

141 3801 187 3835 nus
197 3787 279 3846 diiioit
290 3783 415 3831 interdum
426 3780 580 3829 diversitates
595 3779 670 3838 pretii
696 3779 755 3824 nuta
767 3777 855 3823 animae
865 3775 975 3823 membra
985 3775 1124 3834 componit,
1135 3776 1164 3824 ut
1173 3777 1227 3824 siue

141 3846 670 3912 nonsolumquantitatisirabeut,sedetiam
696 3843 1227 3903 ostensionesocientur.Deniqueiiieremias

142 3922 242 3974 numeri
258 3921 455 3981 expressionem
468 3917 532 3965 sicut
548 3916 624 3963 habes
639 3916 670 3963 de
696 3917 758 3962 hanc
776 3914 864 3974 querit
880 3912 1002 3971 resinam,
1020 3913 1049 3959 ut
1066 3909 1226 3970 Babyloniam

142 3989 267 4051 unguento
273 3989 338 4050 quod
344 3988 375 4034 ad
380 3985 549 4046 sepeliendum
555 3996 581 4032 se
589 3983 671 4031 Domi·
696 3984 766 4031 curet
776 3994 879 4039 sanare,
889 3980 910 4029 si
920 3979 1096 4040 pessit,dicens
1109 3991 1116 4023 τ
1127 3977 1227 4035 Accipite

143 4058 280 4110 nusiusunr
291 4053 670 4114 esscmcmoravil,sicutscrip·
696 4055 798 4101 resinam
818 4051 963 4112 coemptioni
981 4049 1043 4108 ejece,
1059 4049 1079 4094 si
1096 4059 1141 4106 paco
1159 4045 1226 4092 modo
