2752 4806
483 399 525 446 DE
544 401 625 461 (21¹th
645 400 685 446 ET
702 402 787 446 ABEL
804 402 906 447 LIBER
924 404 943 448 l.
1208 399 1258 448 ¹59
1343 421 1346 427 ·

157 478 270 545 sotum,
279 480 305 529 et
311 479 415 530 solvere.
424 479 493 530 Unde
501 483 527 530 et
535 482 701 531 samaritamus
727 495 882 543 nequaquam
892 485 935 544 qul
952 483 1027 533 excat
1041 494 1134 544 sermo,
1148 482 1256 533 trutina·

174 546 220 594 ille
231 548 286 596 aliis
304 548 453 609 antefertur,
465 551 507 609 qui
524 562 581 597 cum
597 551 702 611 leprosis
727 552 782 610 tur,
799 551 971 613 imprudenter
986 550 1163 611 labitur,licet
1173 552 1255 612 ipsum
1322 595 1325 598 .

174 614 330 664 aliisnovem
344 616 639 677 secundumpraeceptum
652 619 702 665 Do-
726 619 791 666 ultra
807 616 946 667 mensuram
964 618 1059 680 aliquid
1077 619 1144 679 loqui
1164 619 1255 679 mande

173 681 702 744 mini,muudatusalepra,solusreqressus
727 687 908 745 peccatumsit.
1163 708 1165 713 v

173 748 333 798 adenristum
344 748 703 813 amplificabatDeum,etaqc·
756 753 796 799 57.
807 754 837 801 nt
849 753 906 802 ideo
916 765 977 800 cave
989 765 1023 800 ue
1036 750 1208 812 imprudenter
1217 752 1256 800 lo-

173 817 218 866 bat
227 819 324 879 mattas.
340 820 437 881 nequo
448 821 519 869 lesus
531 823 567 870 ait
577 822 702 883 :Noofsstt
726 822 822 881 qnaris3
841 822 908 870 labia
918 823 986 870 enim
1000 820 1166 883 imprudentis
1184 820 1256 868 indn-

173 899 205 935 ca
215 887 259 936 iltis
269 891 311 950 qai
318 890 411 945 rediret,
419 892 442 937 ct
452 891 542 950 oratius
553 893 630 950 speret
637 893 686 938 Deo
691 923 700 950 ,
727 893 787 939 caut
798 903 856 938 eum
867 891 899 940 ad
908 892 1054 939 malatera
1063 902 1097 938 ne
1107 890 1135 936 in
1146 889 1257 937 oratione

173 955 221 1003 ntea·
234 955 270 1003 laic
286 957 455 1018 otiosumne...
467 959 500 1007 nt
510 961 545 1006 ait
555 960 685 1019 illustras
692 991 701 1018 ,
726 959 752 1007 te
768 961 886 1019 extollas,
899 960 975 1008 oratio
986 961 1054 1007 enim
1064 958 1221 1008 humiliantis
1230 969 1258 1005 so

124 1058 134 1073 .
174 1023 197 1071 et
208 1025 279 1084 ταὼς
295 1027 351 1085 quio
360 1025 415 1084 fides
428 1028 470 1074 tuo
480 1029 502 1074 te
510 1027 602 1087 soleam
612 1026 675 1086 fecit.
726 1027 806 1076 nubes
812 1029 962 1088 penetrabit.
971 1030 1035 1077 cave
1041 1041 1073 1076 uc
1081 1027 1180 1089 incaute
1186 1026 1258 1086 Sym·

141 1110 145 1127 ··
204 1089 243 1138 tt.
254 1092 378 1146 Fstetiam
389 1093 639 1142 illacommendandas
650 1106 702 1141 ora·
728 1094 778 1145 bolt
795 1097 836 1145 rel
854 1097 989 1144 Domluieae
1007 1095 1125 1143 orationis
1144 1094 1258 1152 drungos

173 1157 248 1209 tionis
258 1164 284 1210 et
298 1162 351 1209 voti
366 1163 510 1222 disciplina,
521 1164 609 1210 utnon
620 1163 704 1211 divul-
728 1165 854 1223 mysteria.
869 1166 907 1212 An
917 1165 998 1213 nescis
1010 1177 1085 1225 quam
1095 1175 1177 1223 graue.
1187 1162 1258 1210 sitin

172 1241 259 1291 cemus
266 1231 411 1290 orationem,
419 1231 463 1278 sed
471 1231 612 1278 abscondita
620 1233 709 1280 tenea«
729 1229 1258 1292 orationecontralrerepeceatum‚ubispe·

172 1309 229 1346 mus
244 1300 376 1360 mysteria,
391 1299 455 1348 sieut
467 1299 551 1347 tenuit
566 1300 702 1359 Abrabam,
727 1312 767 1347 ras
777 1300 929 1349 remedium!
938 1302 1010 1349 certe
1020 1300 1191 1359 nomiumper
1200 1299 1259 1345 Pro·

172 1367 218 1429 qui
236 1368 413 1416 subcinericias
429 1367 498 1416 iecit.
516 1369 660 1416 tenuerunt
677 1370 703 1416 et
726 1370 827 1429 phetam
839 1370 923 1420 docuit
933 1371 980 1417 lroc
990 1380 1126 1430 praecesse
1136 1365 1257 1415 mmedio-
1329 1407 1332 1413 .

173 1436 259 1496 patres
276 1435 320 1497 qui
339 1448 428 1498 coxere
453 1449 609 1498 conspersum
635 1438 702 1498 quod
726 1440 780 1484 tum
789 1438 874 1486 dicens
886 1451 893 1486 r
905 1440 936 1487 nt
946 1440 1022 1486 oratio
1032 1439 1082 1497 ejas
1091 1437 1134 1495 {tat
1144 1437 1169 1482 ta
1177 1447 1257 1496 pecco·

173 1505 318 1554 extulerant
344 1507 375 1554 de
396 1507 516 1567 nqypoo,
537 1507 701 1555 subcinericia
726 1506 788 1567 tam,·
799 1507 849 1554 nist
864 1506 927 1554 torte
937 1505 1063 1553 mediocre
1080 1504 1106 1551 id
1121 1503 1168 1550 tibi
1182 1502 1257 1562 putas
1359 1508 1363 1516 “

172 1571 294 1624 iacientes
313 1588 411 1635 azyma,
433 1588 489 1636 quas
507 1587 585 1634 graece
600 1591 701 1637 ενκρνφια
726 1566 1257 1632 esse.l)itddereestenimdepotentiallci,

173 1640 306 1702 dicuntur,
329 1656 358 1689 eo
381 1643 447 1703 quod
469 1643 649 1691 abscondantur
673 1645 700 1693 in
725 1641 847 1690 aestimare
859 1643 926 1703 quod
940 1655 990 1689 non
1008 1640 1133 1700 audiaris,
1146 1637 1257 1685 nisicla-

174 1707 273 1769 cinere3
291 1710 457 1770 significantes
472 1710 621 1759 termentum
638 1712 701 1761 illud
725 1711 842 1758 mereris.
861 1709 972 1758 clament
992 1719 1067 1768 opera
1087 1709 1147 1764 tua,
1167 1702 1257 1751 clamet

173 1777 239 1838 quod
253 1778 380 1837 abscondit
389 1779 478 1827 mulier
493 1780 536 1827 illa
554 1782 701 1841 Evangeliea
725 1777 795 1838 tides,
802 1779 1010 1838 clametanectus,
1018 1776 1125 1824 clament
1131 1772 1265 1834 passiones·

174 1847 203 1893 in
218 1846 303 1894 tarinae
320 1848 442 1895 mensuris
456 1848 548 1908 tribus,
559 1848 637 1904 donec
652 1848 701 1897 ter·
727 1847 789 1907 tuae,
805 1849 895 1898 clamet
905 1847 1003 1908 sanguis
1013 1847 1089 1904 tuns,
1102 1844 1167 1892 sicut
1178 1839 1257 1888 sancti

174 1916 325 1964 mentaretur
330 1917 418 1976 totum,
424 1916 597 1976 mysteriorum
603 1929 700 1977 quoquo
726 1914 802 1973 Abel,
814 1916 845 1962 de
855 1928 904 1975 quo
914 1915 979 1963 dixit
989 1916 1055 1962 Deus
1069 1913 1100 1961 ad
1110 1911 1169 1959 (latu
1180 1923 1188 1956 a
1201 1911 1258 1959 Vos·

175 1982 306 2032 innuentes
320 1985 480 2046 premendam
491 1997 544 2033 esse
555 1985 700 2033 doctrinam.
726 1986 846 2042 eoaqoinie
854 1985 936 2044 fratris
947 1986 982 2031 lai
991 1978 1258 2030 concelebrabunt

173 2051 244 2110 Quod
261 2054 371 2113 apertius
390 2053 508 2101 Dominus
525 2053 553 2099 iu
571 2053 703 2113 Evangelio
728 2051 794 2097 enim
805 2052 830 2100 te
842 2051 995 2108 instantiis,
1008 2047 1164 2109 quimundat
1175 2046 1203 2091 in
1216 2056 1258 2091 oc-

155 2120 258 2168 .docuit
274 2122 358 2169 dicens
372 2136 379 2168 r
395 2124 520 2170 Paculam
532 2136 586 2169 com
604 2123 702 2180 matie,
727 2119 808 2166 cultis.
820 2121 867 2168 Nos
877 2118 1079 2179 uisiloquentem
1093 2116 1201 2174 aliquem
1212 2125 1257 2160 au-

173 2191 240 2238 iatro
250 2192 276 2238 io
286 2192 416 2239 cubiculum
427 2195 493 2240 tuom
499 2223 507 2249 ,
519 2194 542 2238 ct
554 2193 633 2240 ctoaso
644 2195 702 2241 ostio
727 2188 780 2236 dire
788 2184 1256 2249 nonpossumus2apudlleumloquun-

174 2261 272 2308 Patrem
280 2262 345 2307 taum
353 2274 397 2307 oro
405 2262 430 2307 io
438 2260 585 2319 abscondito,
596 2264 618 2308 et
628 2263 702 2308 Pater
726 2256 767 2303 tur
776 2269 826 2304 non
842 2257 934 2316 sorba,
947 2256 990 2302 sed
1008 2252 1176 2312 cogitationes.
1189 2248 1257 2296 utut

173 2332 229 2377 tuus
241 2332 281 2390 qui
290 2331 385 2377 videtin
396 2329 543 2387 abscondito,
553 2332 631 2377 reddet
641 2329 701 2378 tibi:
727 2326 773 2373 hoc
781 2338 869 2373 verum
876 2325 948 2383 scias,
955 2324 1053 2371 dicebat
1061 2320 1180 2368 Dominus
1185 2319 1257 2365 lesus

174 2401 269 2446 montes
284 2402 362 2446 autem
378 2399 448 2445 oolilc
465 2399 566 2445 multam
582 2398 653 2457 toqos'.
673 2399 703 2445 nt
727 2393 864 2440 adtudaeos
876 2406 882 2438 a
896 2393 956 2454 Quid
969 2392 1076 2450 coqitotr‘s
1089 2388 1155 2465 moto
1171 2387 1196 2432 io
1207 2397 1259 2460 cor·

173 2466 253 2527 intra,
265 2460 317 2516 sni
330 2470 392 2514 caton
402 2469 476 2514 Potor
485 2469 559 2514 vester
575 2467 629 2525 qaid
639 2465 703 2513 vobis
727 2460 793 2508 ditae
803 2458 901 2507 vestas?
911 2459 963 2505 Non
970 2455 1144 2516 interrogantis
1154 2464 1203 2500 vox
1211 2453 1257 2499 ista

173 2549 232 2596 opace
245 2539 289 2593 sit,
301 2539 428 2596 antequam
440 2536 523 2594 petalis
537 2535 613 2582 obeo.
629 2534 702 2580 Cubi·
728 2528 779 2586 est,
791 2527 834 2574 sed
848 2527 957 2575 scientis.
969 2525 1038 2584 Quod
1054 2524 1100 2572 tibi
1115 2522 1258 2568 manifestat

173 2605 258 2651 culum
269 2605 353 2662 tuum,
369 2603 460 2650 mentis
474 2614 603 2661 moenum,
613 2602 703 2649 animi·
727 2595 882 2655 Evangelista
891 2595 976 2643 dicens
986 2607 993 2639 ε
1005 2596 1071 2642 lesos
1081 2594 1160 2640 autem
1170 2589 1256 2638 sciebat

171 2685 223 2732 que
243 2673 366 2718 secretum
384 2671 429 2718 est.
447 2671 476 2718 ln
496 2671 542 2718 boc
562 2672 703 2718 cubiculum
727 2668 972 2726 copitatioacscorum.
984 2664 1052 2711 Sicut
1063 2659 1257 2720 ergoFiliusuo

170 2743 247 2787 tuum
258 2739 336 2798 intra,
347 2739 394 2785 boc
404 2740 455 2796 est,
468 2738 533 2785 intra
543 2739 569 2786 iu
580 2741 629 2787 alta
640 2753 703 2799 prae.
728 2733 778 2792 vit,
789 2735 859 2780 novit
870 2734 895 2780 et
902 2734 983 2780 Pater.
991 2733 1082 2777 Filium
1089 2740 1160 2776 nosse
1169 2738 1257 2804 coquo-

173 2807 272 2864 cordia,
287 2808 352 2854 totus
363 2807 491 2866 ingredere
505 2807 536 2854 de
548 2808 655 2867 eorporis
666 2809 703 2856 tui
725 2802 802 2860 niso,
812 2803 908 2860 patrem
919 2812 1006 2857 nosse,
1017 2799 1075 2845 audi
1090 2796 1257 2872 consiliarium

173 2876 293 2924 exteriori
311 2877 435 2924 vestibulo
447 2909 455 2936 ,
466 2876 491 2923 et
509 2876 596 2924 claude
614 2877 703 2925 ostium
729 2870 754 2915 et
770 2869 859 2916 testem
874 2868 954 2914 Patris
971 2866 1117 2914 dicentem:
1130 2864 1178 2911 Scit
1195 2873 1258 2907 eorm

172 2946 254 2993 tuum.
600 2998 606 3006 ι
727 2933 1258 2997 Potcrvcsterquidvobisopassit,antequam

205 3011 244 3058 so.
262 3011 332 3069 Quod
349 3012 382 3059 sit
399 3011 490 3059 ostium
505 3012 593 3072 tuum,
612 3010 703 3059 disco:
725 3007 810 3066 petatis
821 3006 851 3053 ab
861 3019 897 3052 co,
906 3006 987 3064 coque
998 3016 1055 3063 ergo
1067 2998 1256 3050 subcinericiam

173 3082 366 3138 noannoeane,
378 3082 505 3128 custodiam
515 3083 621 3138 orimeo,
632 3083 654 3128 ιι
665 3093 703 3128 03-
727 3074 796 3121 tuam
820 3086 912 3133 vapore
938 3073 1045 3134 Spiritus
1069 3069 1148 3118 sancti
1160 3081 1166 3114 a
1179 3077 1256 3126 coque

174 3152 235 3198 tium
245 3151 354 3196 circuitos
366 3149 434 3197 tabiis
446 3151 512 3197 mets.
524 3150 553 3196 lit
562 3149 651 3196 Paulus
659 3161 703 3208 pe·
728 3145 802 3191 etiam
814 3144 890 3191 animi
905 3143 1029 3204 passiones
1039 3140 1110 3190 serbi
1126 3135 1257 3186 colorent

173 3215 208 3264 tit
218 3215 283 3263 orari
293 3229 337 3275 pro
347 3228 373 3264 se
385 3229 392 3261 :
405 3217 434 3264 ut
447 3219 567 3276 operiatur
577 3216 648 3272 mibi,
664 3217 704 3262 in·
727 3215 748 3260 si
760 3215 886 3261 crudiores
903 3215 961 3261 suut
975 3212 1101 3272 passiones
1111 3212 1160 3257 tuas
1177 3218 1257 3266 nuper

176 3285 245 3346 quit,
255 3286 339 3333 ostium
354 3285 433 3341 verbi,
445 3286 479 3332 ad
491 3285 630 3344 loquendum
640 3298 703 3344 mys·
728 3283 829 3329 tortasse
838 3283 869 3329 de
879 3282 978 3342 AEqypto
987 3279 1153 3339 egredientes,
1162 3274 1273 3337 operito,

174 3356 260 3403 unam
273 3354 367 3402 clerinti.
381 3352 430 3400 Sed
439 3352 498 3410 ille,
508 3353 594 3412 utpote
610 3353 703 3400 electus
729 3363 784 3406 eas,
794 3352 819 3397 et
829 3350 897 3397 lento
908 3351 988 3396 calore
998 3359 1121 3406 excoque3
1132 3356 1164 3391 ne
1172 3343 1258 3390 tortio·

173 3422 208 3470 nd
217 3423 344 3482 Evangelii
352 3421 644 3483 predicationem,reete
655 3420 703 3466 sibi
728 3432 781 3466 rem
796 3418 880 3478 ignem
899 3418 964 3464 terre
983 3415 1155 3474 nonpossint,
1174 3413 1199 3458 et
1214 3422 1268 3458 se·-

178 3490 267 3545 .²stium
277 3491 348 3539 verbi
366 3489 467 3549 optabat
482 3488 589 3546 aperiri3
601 3488 658 3546 quia
672 3487 704 3534 de
728 3487 905 3533 iniustulentur
922 3484 1004 3543 potius
1019 3494 1094 3542 quarn
1110 3479 1256 3539 coquantur.

175 3569 219 3608 are
232 3558 287 3616 eius
302 3559 389 3606 exibat
402 3558 468 3606 salus
478 3556 602 3616 gentium,
613 3555 644 3601 de
662 3567 704 3603 ore
729 3555 791 3601 Sunt
808 3556 876 3601 enim
890 3553 997 3612 plurima
1012 3563 1068 3610 quae
1082 3549 1156 3597 cruda
1171 3547 1266 3608 displif

175 3626 231 3685 ojus
245 3626 358 3686 prodibat
374 3626 425 3674 vita
435 3625 591 3686 populorum.
602 3624 649 3670 llos
661 3635 705 3669 au·
730 3622 811 3681 ceant,
819 3623 887 3669 cocta
899 3621 1033 3668 delectent.
1042 3620 1107 3666 Fore
1116 3617 1191 3679 igitur
1199 3631 1260 3678 pec-

175 3695 228 3741 tem
238 3695 379 3743 claudamus
390 3695 488 3752 ostium,
496 3706 528 3740 ne
538 3694 610 3752 culpa
618 3692 704 3751 intret,
729 3692 782 3738 tore
801 3692 843 3738 tuo
860 3691 910 3739 alta
921 3690 1051 3750 mysteria,
1064 3701 1095 3736 ne
1111 3687 1258 3750 praematuro

174 3773 209 3810 no
220 3762 303 3821 lapsus
310 3763 400 3822 aliquis
408 3763 528 3810 sermonis
536 3762 618 3808 excat.
628 3759 705 3812 Intrat
730 3773 842 3808 sermons
852 3760 878 3807 et
893 3758 975 3806 infidis
992 3757 1093 3806 auribus
1104 3758 1144 3803 vel
1155 3754 1259 3804 intirmis

175 3830 263 3890 culpa,
274 3831 296 3878 si
307 3831 388 3890 lapsus
398 3829 498 3876 exierit.
510 3828 574 3876 Audi
583 3827 704 3888 quomodo
730 3829 800 3890 quasi
809 3827 903 3876 incocta
915 3828 1067 3886 committas,
1079 3827 1151 3887 atque
1163 3824 1258 3872 auditor

174 3899 253 3947 intret
260 3899 341 3959 culpa.
351 3901 379 3946 ln
386 3899 545 3958 multiloquio,
554 3897 649 3957 inquit,
657 3910 705 3944 aoa
730 3897 855 3946 avertatur
866 3898 958 3945 etcum
969 3897 1069 3944 horrore
1080 3893 1204 3949 fastidiat,
1214 3891 1258 3948 qui

173 3967 268 4027 omes
276 3971 404 4028 peccatum
415 3967 497 4014 Exisit
507 3966 704 4026 multiloquium,
730 3967 751 4013 si
763 3966 869 4014 coctiora
882 3965 1004 4024 gustaret,
1015 3963 1133 4024 spiritalis
1144 3959 1193 4008 eibi
1202 3969 1258 4016 por-

174 4039 305 4097 pocoatum
316 4036 416 4086 intravit
426 4048 434 4095 ς
445 4035 501 4095 qnia
513 4036 539 4082 in
549 4035 704 4096 multiloquio
731 4035 826 4093 ciperet
836 4033 991 4080 suavitatem.
