2752 4806
467 413 510 462 ba
530 416 609 461 1}le
628 414 670 461 ΕΤ
689 415 776 461 abab
795 418 897 464 LiBER
914 417 948 462 il.
1194 405 1240 459 itt)

155 485 239 540 baisse
249 491 359 553 prebere
370 505 377 541 r
389 492 436 542 boc
446 496 498 556 est,
508 497 559 554 jam
569 509 619 544 non
629 507 683 544 sum
700 498 749 544 vel
761 497 857 558 studia,
869 499 910 546 vei
920 507 995 558 opera
1005 507 1019 545 a
1029 498 1080 546 ileo
1094 497 1238 558 probantur:

156 559 482 622 publicanus,nonsumiile
493 565 624 625 zacheus,
634 575 683 611 non
707 567 818 614 Tristitia
829 567 906 627 igitur
919 565 979 613 cain
995 565 1151 615 conscientias
1166 565 1238 614 testi-

154 627 251 689 predo,
262 629 451 679 nonimudator.
468 633 553 690 liedda
564 647 619 694 qua
629 646 683 681 sus-
707 635 837 695 monium,
863 634 969 694 repulsas
994 633 1116 682 indicium
1136 633 1182 682 est.
1208 632 1239 680 et
1332 665 1344 684 s

153 696 215 756 tuli,
232 698 307 748 reddo
325 701 369 761 qui
382 701 481 749 auterre
495 714 681 751 consueveram.
707 702 818 762 quamvis
839 702 930 751 obtulit
950 713 1057 760 munus,
1076 701 1159 748 manea
1178 701 1239 761 qula

152 762 208 812 Jam
219 764 282 815 dono
291 769 525 830 pauperibus,quos
535 771 593 819 ante
604 771 683 818 nuda-
707 783 756 818 non
763 772 831 819 recte
839 771 864 818 et
869 770 926 830 iure
934 769 1029 828 divisit,
1035 770 1133 829 culpam
1140 767 1236 817 incidit.

152 829 682 900 bamzianucaoouteruquiatienarapie-
737 835 1239 898 l9.Quatuorenimqenerasuntquibus

152 898 218 950 bam.
226 904 460 965 Fugeruntcrimiua
466 909 683 968 postquamcbris-
706 905 826 954 sacrificia
837 905 1081 953 commendabantur.
1090 902 1117 950 Si
1123 903 1165 950 aut
1175 915 1238 951 nova

152 965 193 1016 tus
203 969 313 1021 intravit.
325 973 440 1022 Discussa
456 975 493 1023 est
509 975 588 1023 omnis
598 988 682 1023 carna-
706 986 826 1023 novorum
838 976 937 1033 essent,
948 974 992 1021 aut
1002 972 1081 1032 inixa,
1092 972 1135 1019 aut
1144 971 1237 1029 divisa,

152 1035 213 1086 iluna
232 1040 329 1089 oseoitm
347 1043 505 1102 passionum,
522 1043 568 1091 ubl
584 1042 682 1093 aeterne
707 1038 1238 1101 autcontinuarvovanovorumprrmotem-

151 1103 211 1155 vitea
219 1107 309 1159 lumen
315 1109 425 1158 intusum
436 1111 483 1158 est
707 1121 767 1168 pore
778 1110 851 1170 anni,
863 1122 917 1170 que
932 1110 1014 1169 specie
1030 1109 1057 1157 iu
1067 1105 1238 1170 primogenitis

378 1204 449 1220 --·
708 1176 828 1226 iructibus
844 1177 1028 1226 estimabantur
1046 1192 1054 1220 ε
1072 1188 1139 1224 nuuc
1155 1175 1237 1222 antem

323 1269 452 1323 wil
472 1269 512 1320 ν·
706 1243 1238 1374 ivisti„teineritatis?

153 1372 233 1425 &tillet
247 1384 272 1416 ⁸0
285 1375 394 1424 pinguedo
406 1375 563 1438 erfldvrm
575 1380 597 1417 ot
606 1377 681 1417 witi·
706 1382 756 1430 Hoc
767 1384 805 1430 est
815 1382 883 1430 euim
897 1395 956 1431 vere
970 1381 1117 1430 sacrificium
1127 1378 1236 1440 primiti-

290 1429 539 1478 ¹¹¹¹¹¹¹¹¹¹¹⁶'¹⁸¹¹¹fl⁶⁰¹¹¹·
705 1463 778 1511 vum,
799 1451 896 1511 quando
919 1450 1087 1511 unusquisque
1112 1461 1140 1497 se
1165 1447 1237 1496 otiert

182 1515 222 1564 ii.
238 1517 351 1566 Drxrmus
365 1517 398 1565 de
414 1516 597 1578 primogenitis,
613 1515 680 1564 dica·
705 1519 825 1579 bostiam,
836 1521 886 1568 eta
897 1531 924 1567 se
936 1519 1038 1579 incipit,
1050 1520 1078 1567 ut
1087 1519 1236 1578 posteamu·
1264 1559 1273 1571 ,

151 1594 207 1632 mus
218 1586 293 1633 etiarn
303 1586 334 1634 de
341 1586 471 1646 adipibus,
482 1586 514 1634 de
524 1585 613 1645 quibus
621 1584 680 1632 satis
703 1599 750 1636 nus
771 1600 842 1635 suum
859 1588 936 1648 possit
955 1588 1053 1635 offerre.
1074 1583 1236 1643 Novaiqitur

150 1653 223 1702 docet
233 1655 314 1703 David
325 1655 411 1704 diceus
422 1668 429 1701 τ
441 1657 505 1703 Sicut
517 1657 584 1716 adipe
595 1656 617 1702 ct
626 1655 680 1714 pin·
704 1655 764 1704 tides
773 1657 962 1714 renovatorum,
974 1655 1071 1715 valida,
1082 1653 1235 1714 pubescens,

150 1724 245 1782 macellae
259 1725 377 1785 rcptcotar
391 1725 474 1772 nabao
484 1737 547 1771 meo.
558 1723 588 1770 Et
606 1733 680 1781 supra
704 1722 886 1772 lucrementum
905 1723 1006 1772 virtutis
1023 1721 1168 1782 acquirens,
1185 1729 1236 1766 non

149 1789 198 1837 ait:
208 1792 403 1840 Elbotocuustum
409 1791 619 1853 luamptbpaedot.
627 1791 679 1836 lioo
703 1791 820 1850 remissa,
833 1802 884 1838 non
895 1789 959 1838 fessa
968 1823 976 1852 ,
984 1801 1033 1837 non
1044 1789 1114 1838 senio
1129 1786 1235 1848 quodam

148 1857 243 1909 docens
263 1861 416 1921 acceptabile
441 1872 495 1908 esse
515 1858 678 1916 sacrificium,
704 1857 825 1919 marcida,
837 1859 862 1906 et
878 1857 963 1918 vigore
979 1857 1080 1918 ignava,
1091 1857 1147 1916 apta
1157 1853 1235 1902 sacri·

150 1928 216 1988 quod
222 1928 313 1990 pinque
321 1962 328 1988 ,
337 1928 528 1990 quodnitidum,
539 1927 565 1975 et
575 1925 679 1986 quodam
704 1925 759 1973 ticio
771 1928 824 1986 est,
834 1939 889 1987 quaa
900 1926 1006 1986 pullulet
1021 1926 1126 1986 quodam
1141 1923 1234 1985 virenti

150 1996 240 2057 pabulo
257 1997 317 2046 fidei
338 2010 367 2044 aa
384 1995 538 2054 dovotionis,
558 1993 679 2052 verbique
704 1993 816 2050 germine
828 1993 971 2053 sapientiae,
982 1995 1008 2041 et
1016 1992 1124 2051 juvenili
1142 1991 1234 2049 diviua

150 2064 258 2113 coelestis
277 2065 393 2113 aberium
411 2062 529 2111 alimonia
544 2060 680 2121 saginatum
705 2058 852 2118 cognitionis
871 2059 969 2107 iervore
988 2058 1124 2119 pubescat;
1143 2057 1235 2115 babeat

149 2133 198 2182 ost
215 2133 367 2197 Frequenter
384 2133 477 2193 pinque
498 2143 560 2192 opus
575 2129 680 2178 dicimus
704 2127 786 2176 men
801 2139 901 2176 succum
918 2127 1035 2176 doctrina
1046 2125 1148 2174 veteris.
1165 2122 1235 2184 Sicqt

146 2200 331 2263 'quodspissum
341 2201 367 2250 et
377 2213 507 2262 operosum
518 2197 625 2258 intelligi
635 2209 680 2245 ve·
704 2198 771 2246 enirn
788 2197 862 2260 novi,
881 2197 917 2246 ita
933 2197 959 2245 et
972 2196 1065 2245 veteris
1079 2191 1234 2242 Testamenti

150 2270 275 2321 limuszet
281 2272 364 2332 opima
371 2270 450 2319 hostia
459 2267 679 2331 praedicatumque
703 2266 778 2315 debet
788 2267 901 2316 doctina
912 2263 1145 2325 concurrere,quia
1155 2261 1234 2321 scrip-

150 2349 199 2386 non
216 2340 249 2389 sit
258 2340 355 2398 tenuis,
370 2351 421 2388 non
434 2338 467 2386 sit
477 2338 560 2386 exilis.
571 2336 641 2384 Unde
653 2336 679 2382 et
702 2337 755 2382 tuur
767 2337 804 2384 est
815 2349 822 2383 =
833 2337 974 2384 Moodaoate
989 2336 1069 2382 veteru
1083 2334 1200 2388 prbrum,
1211 2332 1234 2378 ct

150 2406 296 2456 sacrificium
306 2409 397 2469 pinque
411 2407 479 2456 recte
491 2415 677 2466 nuncupamus,
703 2407 801 2453 eeteros
807 2405 867 2465 socie
877 2400 1179 2463 uovorumouserlc.cibus
1188 2411 1234 2447 no-

148 2476 215 2534 quod
229 2478 338 2536 opimum
349 2476 463 2537 cupimus
479 2474 614 2522 declarare.
630 2471 679 2519 Sed
703 2471 741 2519 bis
747 2471 890 2533 sitoopuitio
897 2471 1092 2533 patriarcharum
1102 2468 1231 2530 ,epuletur

148 2542 227 2591 ctiam
244 2544 307 2593 illud
321 2544 468 2592 documento
479 2544 531 2601 est,
542 2542 607 2602 quod
621 2541 679 2602 pin·
703 2540 799 2590 animus
815 2541 842 2589 ln
857 2541 1034 2601 prophetarum
1049 2538 1154 2586 oraculis
1165 2550 1172 2584 ε
1184 2537 1230 2585 tali

149 2624 210 2671 ques
219 2625 300 2661 vaccas
315 2611 460 2673 prophetica
474 2611 677 2670 interpretatione
702 2611 786 2670 sagina
796 2623 867 2660 mens
876 2611 991 2672 pascatur
999 2609 1111 2656 interior.
1124 2606 1173 2654 Sed
1179 2605 1232 2663 jam

148 2680 221 2730 annis
229 2679 354 2730 fertilibus
364 2679 509 2739 comparatae
520 2679 586 2726 suut.
702 2690 751 2727 non
760 2681 855 2740 species
865 2679 922 2740 apul
933 2679 978 2739 sit,
987 2679 1013 2726 at
1022 2678 1115 2727 veritas
1123 2675 1232 2735 corporis

376 2785 455 2799 ....
702 2747 800 2797 Christi.
821 2749 875 2796 lton
892 2747 980 2794 umbra
1001 2746 1063 2804 legis
1083 2741 1233 2803 perstringat

319 2857 445 2912 CAPUT
463 2855 509 2907 Ἦ
535 2838 536 2842 =
703 2817 785 2896 oculos
801 2829 809 2896 ξ
827 2816 872 2864 sed
892 2811 1135 2874 apertepbomiuicae
1154 2808 1232 2887 qratia

148 2945 208 2997 ind
214 2946 259 2986 sibi
265 2946 316 2989 velit
326 2949 385 2997 quod
392 2948 567 2990 Domtnusaitrst
576 2949 625 2986 rocta
632 2943 678 2991 ciis·
696 2881 1025 3003 'gffissnxe’ntsstflffiffiotz
1045 2879 1233 2930 remmom

169 3001 677 3104 fffffflssfflssfflffiffifflffl
731 3021 770 3069 20.
789 3021 815 3068 Si
832 3022 916 3068 autem
935 3019 1023 3067 otieres
1037 3013 1184 3066 sacrificium
1194 3012 1230 3061 de

169 3105 676 3156 meramnumr,qu0rumsquroaearr‚sa-
702 3088 835 3147 primitivis
860 3087 967 3147 ovibus,
990 3086 1084 3135 irinum
1106 3084 1133 3131 in
1155 3083 1230 3144 ique,

170 3159 280 3198 critictum
290 3170 335 3199 non
347 3161 459 3209 probatur,
469 3169 521 3198 curn
528 3158 677 3208 pulcherrima
701 3155 793 3204 frixum
804 3157 911 3218 pingue,
922 3156 1011 3211 offeres
1021 3153 1169 3204 sacrifitium
1179 3152 1230 3213 pri.

170 3211 539 3262 ¹⁸¹⁰¹¹¹¹¹²¹¹¹⁰¹²¹¹¹¹¹¹⁰¹P¹⁰¹²¹i⁰¹¹⁰·
628 3247 630 3252 ν
702 3226 859 3284 mitivorum,
877 3225 941 3274 sicut
956 3225 1075 3285 scriptum
1091 3224 1129 3271 est
1146 3221 1230 3282 :quod

177 3290 217 3340 ld.
226 3293 299 3342 Nunc
309 3293 492 3342 consideremus
502 3291 562 3353 quid
569 3291 602 3341 sit
611 3290 676 3352 quod
702 3293 821 3353 significat
831 3293 905 3341 tidem
916 3294 984 3341 tuam
997 3292 1068 3342 velut
1078 3291 1130 3352 iqui
1140 3290 1230 3349 proba·

147 3358 184 3408 ait
191 3360 313 3409 Dominus
321 3375 328 3409 t
335 3364 362 3411 si
370 3365 431 3410 recte
438 3362 520 3420 offerus
527 3373 589 3418 ,ooo
599 3363 677 3408 autem
701 3362 751 3409 um
760 3374 813 3410 esse
825 3362 931 3422 debere,
942 3360 969 3409 et
978 3362 1063 3408 sancto
1073 3360 1170 3408 iervere
1181 3358 1230 3418 spi-

146 3431 320 3489 rcctcdietdos,
328 3431 442 3491 protasii,
452 3431 548 3489 quiesce.
560 3427 629 3485 Quod
640 3428 678 3474 ia·
701 3431 760 3478 ritu.
775 3431 891 3490 Denique
908 3428 975 3477 coxit
990 3429 1084 3476 lentem
1099 3427 1188 3484 Jacob,
1204 3426 1230 3473 et

146 3494 240 3543 dicium
249 3497 428 3545 estlleumnon
436 3494 581 3542 muneribus
588 3495 677 3542 oblatis
701 3498 772 3546 tratri
787 3498 909 3558 primatus
926 3494 1108 3543 benedictionis
1122 3494 1229 3554 eripuit,

147 3563 255 3623 placari,
265 3564 442 3612 sedotierentis
451 3562 549 3610 aflectu.
561 3562 676 3620 Denique
701 3576 762 3622 quos
769 3563 856 3622 utique
867 3561 944 3610 solida
955 3562 1147 3622 consequeretur
1158 3561 1228 3610 tides.

147 3632 302 3681 condemnati
311 3631 405 3680 oblator
416 3630 526 3679 muneris
533 3631 607 3689 Gsin,
617 3630 676 3690 quia
695 3631 810 3691 'llicerqo
817 3631 931 3679 robustus
939 3630 964 3678 et
973 3630 1073 3682 vividus
1080 3631 1227 3691 augebatur:

146 3710 191 3759 pro
199 3700 349 3750 eonscientia
359 3700 489 3748 insincerae
499 3697 629 3747 oblationis
639 3698 676 3746 iu·
701 3700 744 3748 ille
760 3698 844 3747 autem
865 3699 910 3759 qui
926 3699 1011 3748 cibum
1030 3713 1102 3748 suurn
1122 3713 1228 3760 coquere

100 3830 104 3837 α
147 3767 247 3819 tellexit
256 3770 309 3818 Deo
318 3767 464 3818 sacrificium
478 3780 549 3815 suum
561 3778 610 3814 non
620 3779 676 3826 pro·
700 3766 838 3829 nesciebat,
850 3765 965 3828 fatigatus
975 3768 1049 3828 atque
1060 3768 1177 3821 deficiens
1186 3768 1228 3816 de·

146 3835 246 3897 batam,
266 3836 293 3885 et
312 3835 391 3884 tristis
409 3836 447 3884 est
462 3835 554 3884 iactus.
573 3836 675 3894 Quando
699 3835 800 3884 tluebat.
811 3835 901 3884 Uratur
913 3836 989 3896 igitur
998 3837 1075 3886 verbo
1086 3837 1184 3883 Domini
1195 3836 1229 3882 si-

146 3904 216 3952 enim
225 3916 295 3952 meus
310 3903 359 3952 sibi
372 3903 435 3952 recti
450 3904 488 3952 est
498 3903 605 3964 conscia,
621 3916 675 3964 qra-
700 3905 741 3954 cut
749 3903 805 3965 igne
815 3904 895 3956 virtus
904 3905 1058 3952 animosius.
1071 3904 1133 3951 Vide
1144 3901 1230 3949 ustum

145 3971 253 4032 tulatur3
269 3973 295 4021 et
309 3971 434 4021 infusione
447 3973 552 4033 quadam
568 3973 674 4033 spiritali
698 3974 803 4034 loseph,
814 3973 878 4021 sicut
893 3973 1012 4033 scriptum
1028 3972 1066 4019 est
1082 3969 1228 4027 :Eloquium

145 4039 258 4100 sopietur
274 4038 370 4088 amram
384 4037 485 4100 gaudio,
497 4052 552 4089 cum
571 4040 674 4100 alicujus
699 4044 796 4090 Desistas·
811 4043 869 4091 ussit
884 4055 945 4088 eum.
963 4038 1093 4086 torreatur
1108 4036 1167 4082 idos
1185 4035 1228 4084 tua
