2752 4806
479 425 522 470 bu
542 423 710 490 nonnulli
727 424 825 470 Lisso
847 423 877 468 ll.
1032 428 1037 434 ‘
1184 417 1236 470 m

147 504 220 567 sono,
235 519 321 567 cursu,
335 506 377 556 rol
394 507 469 555 maris
482 505 676 555 violentisaesti-
700 504 740 553 sui
766 502 875 552 alienant
896 514 960 552 eam.
981 503 1050 551 llnde
1072 506 1097 552 ct
1117 505 1231 564 plerique

147 585 216 622 mare
227 575 349 624 ductibus.
358 575 416 623 Acri
426 576 510 625 autem
520 574 676 635 comparatur
700 571 819 638 monens·
830 573 921 622 dietam
931 573 1035 634 putant,
1044 574 1104 634 quia
1114 568 1172 636 ὃρμη
1183 575 1232 622 im·

145 643 289 703 consequia
299 643 412 691 omnibus
421 642 676 691 animantibusutilius
700 643 772 703 petus
782 640 887 701 dicitur3
898 652 928 688 eo
939 641 1003 703 quod
1015 653 1048 688 ex
1060 642 1166 700 quodam
1181 643 1231 689 ίαν

147 709 194 758 boc
205 712 295 758 animal
305 712 391 772 generi
399 724 453 760 esse
463 712 572 759 hnmano
581 709 676 771 reperi-
701 712 761 771 potu
772 723 889 760 sensuum
901 708 1043 758 inflexionis
1053 709 1127 770 atque
1137 710 1230 758 abens-

146 778 201 837 iur;
211 778 676 839 quandoquidemeivesiisnobisusurn
700 779 775 828 tionis
789 779 879 828 nostrae
894 792 968 827 causa
983 779 1106 827 nascatur.
1118 778 1230 826 Feminel

147 846 263 906 exhibet,
280 848 343 895 sicut
359 860 403 895 aer
418 847 491 905 hujus
501 846 603 908 spiritus
613 847 676 895 viia·
700 850 782 898 autem
795 861 871 897 serus
885 848 994 909 speciem
1009 847 1099 906 babet,
1110 847 1139 894 ut
1155 846 1231 894 etiam

146 913 276 960 lemnobis
285 915 409 962 ministrat
419 914 589 962 substantiam.
603 915 674 962 Unde
699 931 785 966 sensus
798 918 876 966 nostri
896 913 1002 968 αἰσθησεις
1022 926 1100 975 graeoe
1116 913 1231 962 dicuntur

146 983 172 1028 rt
183 981 247 1029 bunc
257 982 371 1029 ordinem
381 981 473 1031 iactum
482 982 557 1042 pulo,
567 982 596 1029 ut
607 983 675 1044 prlus
701 985 807 1033 femineo
815 985 945 1033 vocabulo.
953 984 1085 1032 Eiietarum
1095 983 1167 1030 modo
1177 984 1232 1030 ani-

146 1049 253 1097 diocret:
263 1051 336 1098 Sume
345 1050 521 1098 mibivltulum
528 1049 554 1096 et
562 1062 675 1109 capram,
700 1054 812 1100 mantum
821 1053 870 1101 cito
877 1051 1080 1110 vacuantur,nbi
1088 1051 1173 1110 partus
1181 1063 1232 1100 snas

142 1117 172 1166 ct
184 1117 258 1165 tertio
271 1118 325 1164 loco
337 1117 432 1164 diceret
442 1115 560 1174 arietem3
572 1115 676 1175 eoquod
700 1118 880 1181 generationis,
899 1119 1119 1179 delectationisque
1138 1118 1232 1166 enude-

143 1185 224 1246 prima
232 1186 340 1245 illa,boc
352 1184 505 1244 est,rltulus
514 1183 539 1230 et
547 1193 620 1243 capra
626 1183 677 1230 ter·
701 1187 766 1247 rint,
782 1188 808 1235 et
824 1188 915 1235 lterum
927 1186 1043 1234 excilatis
1053 1185 1232 1246 cupiditatibus

143 1253 180 1301 ris
197 1254 223 1301 et
240 1253 303 1301 mari
320 1251 488 1299 materialibus
504 1253 677 1311 comparentur
701 1253 895 1303 norosreisruut
906 1255 1022 1314 impetus.

142 1320 292 1379 elementis,
310 1321 336 1366 et
352 1318 411 1379 quia
425 1318 532 1365 leminea
543 1319 675 1366 dicantur:
730 1324 770 1370 ot.
781 1324 809 1369 ln
819 1323 897 1371 ariete
912 1335 971 1371 vero
985 1322 1057 1371 verbi
1071 1334 1100 1371 ao
1110 1321 1231 1371 sermonis

144 1390 172 1438 at
181 1400 241 1435 vero
258 1387 324 1435 aries
340 1387 476 1434 masculum
486 1387 609 1446 quoddam
623 1387 676 1433 ani·
700 1392 777 1439 nostri
788 1390 894 1439 babetur
903 1391 1054 1450 similitudo,
1065 1391 1131 1451 quod
1144 1391 1176 1438 sit
1186 1403 1230 1439 ve·

144 1455 196 1501 rnal
206 1455 675 1514 est,vebemensnatura,etviolentum
700 1459 817 1518 berneus,
833 1457 899 1505 sicut
913 1457 939 1505 et
949 1470 1029 1505 sermo
1043 1460 1128 1506 noster
1139 1456 1231 1506 silicet

145 1524 270 1570 cornibus.
282 1522 402 1571 Similiter
418 1524 499 1570 autem
518 1523 583 1570 seris
599 1523 675 1581 liujus
699 1525 861 1586 operationis,
875 1528 900 1574 et
916 1527 1021 1587 quadam
1036 1526 1137 1574 ornatus
1151 1527 1241 1577 umtrl

144 1590 248 1650 spiritus
258 1589 342 1638 vitalis
353 1590 404 1648 est,
414 1590 443 1637 ut
457 1591 579 1638 masculus
589 1592 675 1639 auctor
699 1594 725 1641 el
739 1594 855 1654 tegminis
870 1606 943 1642 causa
956 1595 998 1642 sit.
1014 1592 1085 1641 Aries
1098 1606 1144 1652 per
1156 1606 1229 1640 usum

144 1659 171 1706 et
182 1671 254 1705 causa
264 1658 432 1718 gignentium,
442 1671 545 1705 movens
552 1659 673 1707 terrarum
698 1660 803 1708 vestium
811 1661 1010 1721 ordinequodam
1016 1671 1116 1720 gregem
1124 1659 1229 1720 ducens,

144 1725 276 1786 genitalia,
287 1725 314 1772 ct
328 1725 398 1772 velut
407 1725 512 1785 quadarn
525 1737 552 1772 se
567 1727 673 1775 miscens
697 1729 763 1776 sicut
775 1729 835 1776 ordo
846 1729 947 1789 quidam
957 1729 1016 1777 vitre
1028 1740 1137 1788 ususque
1151 1729 1229 1776 nostrl

144 1793 240 1853 copula.
262 1791 337 1839 iliud
354 1804 412 1852 ergo
432 1792 464 1839 ad
480 1793 587 1853 terram,
605 1794 673 1842 allud
697 1798 774 1845 serbo
784 1797 933 1857 explicatur.
947 1796 1058 1844 Arbitror
1069 1795 1153 1842 autem
1164 1794 1229 1856 quod

145 1860 177 1908 ad
184 1873 251 1908 mare
260 1893 269 1921 ,
279 1860 348 1908 allud
358 1860 388 1907 ad
399 1873 482 1908 aerem
491 1861 595 1908 vitalem
607 1874 674 1922 mys-
698 1864 760 1911 illud
774 1865 880 1913 verbum
893 1865 972 1924 magis
985 1863 1125 1924 intelligere
1140 1864 1230 1912 debea-

144 1930 319 1991 ticeflguratur
329 1929 502 1977 borumtrium
512 1929 673 1977 animantium
697 1944 766 1991 mus,
779 1934 845 1991 quod
861 1934 900 1979 est
914 1933 1023 1979 verbum
1035 1932 1097 1990 Dei,
1112 1944 1170 1981 eum
1178 1945 1228 1993 qno

144 2009 230 2058 genus.
299 2054 304 2066 ι
698 1999 762 2045 aries
777 1999 824 2046 isle
840 1998 1119 2045 baberevideaturnon
1134 1999 1229 2047 medio·

87 2124 90 2129 ,
169 2064 214 2114 'on
232 2067 290 2114 ilaec
305 2065 406 2114 traditio
420 2066 540 2115 naturalis
556 2065 613 2114 est:
630 2065 673 2114 sed
698 2079 764 2114 crem
781 2066 960 2126 cognationem.
976 2065 1047 2122 Quod
1059 2065 1168 2112 Verbum
1183 2078 1229 2114 uos

144 2126 243 2183 moralis
254 2134 330 2182 etiam
341 2134 466 2182 concurrit
476 2137 502 2182 et
512 2134 631 2195 suppetit.
646 2135 674 2180 ln
698 2148 756 2183 vere
767 2135 876 2196 tegmine
884 2134 986 2183 velleris
993 2134 1032 2181 sul
1040 2133 1155 2193 vesuvit,
1165 2134 1190 2182 et
1200 2135 1228 2183 iu

145 2203 258 2252 omnibus
268 2195 335 2250 enim
345 2203 487 2251 bominibus
493 2216 672 2263 caro,sensus,
698 2204 795 2252 domurn
810 2203 948 2252 introduxit
962 2205 1062 2251 aeternae
1075 2201 1170 2249 salutis.
1183 2204 1232 2264 Qut

145 2275 171 2320 ct
182 2272 285 2320 verbum
296 2271 342 2319 est.
359 2272 418 2318 Caro
436 2273 517 2320 nostra
527 2271 605 2320 vitula
615 2272 671 2320 est:
696 2288 720 2322 se
735 2288 779 2334 pro
797 2274 863 2322 nols's
880 2273 1050 2320 immolandum
1072 2271 1169 2328 obtulit,
1188 2273 1230 2331 qai

144 2340 252 2401 laborat,
263 2342 291 2388 ut
304 2342 387 2389 serat:
399 2340 506 2400 laborat,
517 2342 545 2389 ut
556 2342 653 2400 colligat
664 2355 672 2387 ε
698 2346 818 2402 temonem
826 2344 873 2390 onis
884 2344 915 2390 od
926 2343 1045 2388 victimam
1054 2342 1135 2387 ductus
1146 2343 1193 2397 est,
1203 2337 1226 2389 s't

144 2412 253 2472 laborat,
263 2412 293 2458 ut
301 2411 381 2471 pariat
392 2425 398 2456 :
411 2410 546 2458 innumeris
558 2411 674 2470 fatigatur
697 2413 823 2458 sicntosiss
831 2424 911 2457 coram
919 2411 1054 2457 tondentem
1062 2410 1111 2457 sino
1119 2421 1187 2465 voce,
1195 2411 1229 2457 sie

144 2481 277 2529 laboribus.
292 2479 362 2526 Unde
378 2481 404 2526 et
415 2478 493 2526 Graeci
514 2475 585 2538 δαμαν
600 2480 674 2526 dixe·
698 2481 852 2540 conspersit
867 2493 892 2527 os
909 2492 986 2526 soum.
1003 2479 1039 2524 Er
1053 2489 1101 2538 quo
1115 2477 1227 2525 ordinem

144 2551 203 2599 runt
216 2551 321 2597 vitulam
330 2545 376 2592 ἄπο
387 2563 427 2592 του
437 2543 546 2606 depictos
556 2543 634 2606 αὐτην,
644 2560 674 2595 eo
698 2548 827 2607 quemdam
838 2547 980 2596 substantias
990 2547 1111 2595 babemus
1121 2548 1227 2595 etsacras

144 2620 211 2680 quod
232 2618 344 2666 dometur
365 2616 463 2674 injuriis
475 2615 495 2664 ⁴.
513 2618 673 2665 llasculorum
698 2617 944 2678 redemtionis,quod
951 2629 997 2677 per
1007 2616 1088 2675 ipsum
1096 2615 1189 2664 conditi
1197 2627 1226 2662 ac

143 2689 221 2735 boum
233 2687 331 2744 labore,
343 2685 438 2742 aratro,
447 2684 473 2731 et
483 2683 542 2744 jugo
550 2685 673 2744 fungitur,
698 2684 803 2732 redemti
811 2698 904 2734 sumus.
915 2685 1013 2744 Duplex
1021 2685 1228 2744 igiturcausaper

143 2758 266 2804 femineos
274 2755 357 2815 partus
367 2754 526 2814 repraesentat
534 2767 590 2803 cum
597 2757 674 2802 multo
697 2749 1228 2813 Verbum,nalurallsetmoralis:naturalis

143 2825 232 2871 ubere.
247 2824 306 2869 (lano
321 2833 418 2881 quoque
432 2823 515 2869 nostra
529 2822 587 2870 vitae
603 2823 675 2870 istius
698 2821 876 2880 quacondidlt,
887 2818 1227 2880 moralisquaredemit.Pbi-

143 2888 500 2950 subjugaturnecessllatibus,
509 2889 602 2937 crebris
613 2901 675 2949 qua·
698 2888 808 2949 losophia
818 2901 915 2949 quoque
929 2888 1052 2947 geminam
1068 2887 1178 2946 speciem
1188 2889 1227 2935 sui

143 2960 206 3006 titur
216 2957 354 3015 doloribus,
370 2957 396 3003 et
406 2956 539 3003 multamus
552 2969 675 3004 aerumna·
698 2956 824 3004 constituit
835 2956 860 3003 in
869 2957 959 3016 verbo,
967 2955 1106 3004 naturalem
1117 2955 1143 3001 et
1150 2967 1229 3002 mora·

144 3039 200 3074 rum
218 3025 325 3085 quodam
344 3024 446 3071 curvata
463 3024 536 3083 partu
557 3024 672 3071 senescit.
698 3025 756 3072 lem.
768 3024 1005 3073 Rationabiliscnim
1013 3024 1228 3084 utriusqueportio

145 3096 198 3142 lam
208 3093 271 3140 illud
278 3093 333 3153 quis
342 3092 451 3152 ignorat,
462 3092 528 3152 quod
538 3092 674 3140 rebemon·
698 3095 743 3141 est.
759 3094 899 3142 Naturalem
915 3094 1052 3142 secundum
1062 3092 1149 3140 mundi
1159 3106 1229 3142 crea·

144 3162 324 3212 tlorsitrirtus
337 3161 439 3220 animae,
458 3161 498 3209 cui
513 3161 582 3208 velut
597 3162 673 3221 nupta
697 3162 805 3221 tionem,
821 3175 895 3223 qsram
909 3163 985 3210 verbo
999 3162 1110 3222 adsignat
1126 3173 1133 3208 τ
1150 3174 1230 3209 mora·

145 3230 255 3279 adhaeret
267 3230 292 3276 in
304 3229 375 3276 istius
384 3230 443 3276 vitm
454 3241 527 3275 cursu
541 3229 673 3287 corporalis
697 3230 747 3276 lem
762 3230 898 3278 secundum
910 3231 1046 3290 justitiam,
1057 3229 1083 3276 et
1098 3229 1229 3289 aequalita-

144 3295 297 3346 subsannas
307 3296 397 3343 Sensus
407 3297 488 3342 autem
501 3294 578 3341 nostri
589 3306 674 3353 capra·
697 3297 747 3344 tem
754 3297 865 3356 vivendi,
871 3297 1000 3355 cuiusvita
1005 3299 1030 3344 et
1035 3297 1098 3343 ratio
1105 3295 1136 3342 de
1141 3296 1228 3344 verbo.

144 3381 199 3417 rum
205 3366 276 3413 modo
284 3365 422 3413 velutsaltu
428 3363 531 3425 quodam
538 3363 673 3423 exsiliunt,
727 3367 767 3412 53.
781 3365 835 3423 Qua
846 3376 919 3412 causa
932 3377 989 3412 cum
1005 3364 1059 3411 dies
1069 3362 1229 3421 quadraginta

145 3437 172 3484 et
188 3433 324 3495 pascuntur
343 3432 559 3493 praeruptioribus,
578 3431 675 3490 impetu
698 3433 883 3493 complerentur
893 3445 926 3478 ex
935 3432 1017 3478 blaciae
1025 3431 1133 3489 Virginis
1141 3430 1229 3489 partu,

144 3515 188 3552 suo
196 3499 567 3564 ipsicommotionesexcitantes
574 3498 673 3555 animas,
698 3502 809 3549 tulerunt
825 3500 959 3547 Dominum
974 3499 1084 3545 nostrum
1100 3499 1185 3545 lesum
1202 3497 1229 3546 in

144 3573 171 3620 ei
180 3570 350 3619 concutientes
366 3579 429 3615 eam.
445 3566 482 3613 td
496 3577 594 3613 omnem
605 3576 675 3611 occa·
698 3568 868 3625 Hierusalem,
878 3566 1231 3615 utoiierrentbomlnosecun·

144 3639 239 3687 sionem
253 3639 342 3698 presto
352 3637 422 3696 sunt,
432 3635 474 3683 vel
489 3646 591 3681 occursu
602 3633 675 3679 temi—
699 3637 756 3682 dum
768 3637 861 3694 legem,
875 3635 900 3682 ct
916 3637 944 3682 ut
962 3635 1050 3682 darent
1064 3633 1169 3682 bostiam
1184 3648 1230 3695 par

144 3722 199 3757 neas
209 3707 396 3768 pulcritudinis,
406 3704 448 3752 vel
463 3703 537 3750 odore
548 3702 676 3750 suavitatis
702 3711 1228 3727 ·-···-“-···-“···-·-·

144 3771 676 3835 alieuiuslludituparlterettactumoren-
701 3808 706 3819 .

143 3846 153 3894 ¹
267 3845 273 3857 ,
378 3843 383 3854 ,
474 3841 480 3852 ,
570 3840 576 3850 .
637 3840 643 3848 .
699 3819 721 3846 ιη
735 3809 864 3867 spiritalibus
877 3818 953 3846 cavos
967 3807 1227 3868 significat,cunreadenr

156 3846 330 3905 ¹¹²V0¹0⁰¹t⁰fs
342 3844 432 3904 ‘imbus
446 3843 522 3889 etlam
537 3852 625 3887 anlmae
637 3851 676 3885 ¹¹¹·
700 3863 835 3897 contrarium
844 3860 934 3898 sonoris
944 3859 1096 3907 corporalibus.
1105 3859 1228 3904 Errtlnnur

144 3915 249 3963 denunt
258 3913 433 3971 constantiam,
445 3911 471 3958 et
484 3910 553 3958 velut
563 3921 576 3956 a
587 3909 676 3956 natura
699 3924 770 3952 sensus
778 3915 872 3951 animam
880 3914 928 3952 ideo
939 3914 1063 3962 impetuose
1076 3915 1146 3949 motus
1153 3920 1178 3946 ex
1186 3918 1228 3945 na-

143 3970 675 4006 ·‘—-—-—--——-
700 3973 750 4007 tura
760 3980 798 4007 sua
806 3978 895 4007 uacuam
905 3967 946 4005 dici
953 3979 959 4013 ς
967 3966 1026 4014 quod
1038 3974 1080 4001 non
1095 3965 1118 4000 ln
1130 3963 1184 4009 ipsa,
1192 3960 1228 3997 ssd

721 3756 730 3773 ⁸
748 3748 872 3808 Αφορμην,
885 3752 927 3792 boc
935 3745 1023 3800 estune
1035 3754 1157 3802 impetu,ld
1170 3755 1229 3792 enlm

168 4030 177 4048 '
184 4029 265 4066 Domni
273 4030 352 4077 injuriis
364 4027 400 4064 laic
410 4036 451 4063 non
463 4026 551 4064 videtur
560 4025 619 4063 allud
630 4026 676 4073 sig·
700 4023 722 4060 in
734 4033 824 4071 corpore
832 4021 960 4060 eorumdem
970 4023 1071 4060 motuum
1084 4016 1158 4053 lenset
1167 4012 1238 4065 origen

143 4079 234 4120 miliare
241 4107 247 4129 ,
254 4089 319 4129 quarn
328 4079 411 4117 domari
424 4078 496 4116 labore
506 4087 529 4115 sc
540 4077 675 4116 verberibus.
703 4076 798 4114 resideat.

1109 4330 1347 4520 P&
