2752 4806
346 348 389 415 ns
407 368 517 416 sucos
533 370 574 415 sn
593 369 682 418 meu
699 372 928 422 caruaninse
945 368 975 420 ιι.
1141 374 1197 424 aar·
1237 378 1239 383 ·

104 442 160 504 ipsa
178 441 254 494 rerba
272 443 445 510 snntIcanius,
462 450 487 499 et
506 450 532 498 in
551 451 633 499 verbis
720 494 722 498 ,

106 525 193 574 magna
209 515 394 587 votorum-,sunt
407 520 634 580 premimmerito-
832 485 958 565 CAPUT
977 489 1015 541 x·
1152 566 1155 570 .

106 582 278 644 mmiastigia.
312 597 331 645 -ζΑ
658 597 752 647 Quantae
760 600 820 638 laudi
829 601 1019 640 incrimsamerdcti
1028 602 1187 652 Elmaromp-

134 651 174 699 58,
185 653 251 711 Quid
265 651 364 703 sumus
374 656 457 704 sancto
467 656 573 718 Joseph‚
589 657 632 718 qui
679 652 741 699 plicia
747 656 867 714 constanter
878 656 1070 704 tolerala‚propter
1077 665 1127 705 quoe
1134 663 1185 695 rara

105 729 149 767 nos
158 719 274 771 liberavit
284 723 315 770 ab
329 725 475 784 opprobrio,
491 726 570 775 crucis
584 727 634 774 Do·
678 703 928 783 b⁶³¹”⁵⁵f¹³⁰d¹⁹⁸⁰d¹3⁸‘

104 785 202 838 minicae
217 791 383 840 sacramento?
393 793 462 842 Sicut
472 795 540 842 enirn
556 797 633 844 male·
685 791 724 841 40.
735 793 786 842 lise
795 795 973 855 te,Eloarare,
982 795 1184 856 pretermittam,

105 856 287 907 dictumiactus
297 861 335 909 est
345 861 468 920 Christus,
480 863 632 912 utmaledic-
655 860 740 920 utpote
758 863 911 911 sacerdotem
928 865 1054 924 sacerdos,
1073 864 1118 911 sed
1134 864 1185 912 tuis

105 924 157 973 turn
167 927 275 976 solveret
289 929 380 990 begin
393 931 419 978 et
434 932 564 990 peccatum
580 933 632 981 iac·
654 928 778 986 juvandus
793 930 869 977 oratis
879 945 886 976 a
898 931 942 991 qul
957 943 1047 990 genere
1058 930 1186 990 sacerdos,

103 995 145 1042 tus
161 998 211 1056 est,
225 997 254 1044 ut
270 997 358 1046 mundi
371 999 500 1058 peccatum
515 999 630 1050 tolleret:
654 997 748 1056 peritus
766 999 793 1045 iu
813 998 897 1056 Lege,
916 999 1027 1046 maturus
1045 998 1107 1057 mvi,
1127 1009 1186 1044 eum
1288 1038 1291 1044 .

103 1061 139 1110 ita
149 1065 307 1125 opprobrium
318 1065 397 1116 iactus
407 1068 457 1128 est,
469 1069 497 1116 ut
506 1070 632 1129 gentilita-
654 1065 751 1114 oblatus
762 1078 827 1114 esses
834 1067 953 1115 Antiocho
963 1067 1129 1128 persecutori,
1137 1078 1185 1114 nec

104 1130 134 1178 tis
144 1130 304 1192 opprobrium
318 1135 428 1183 auferret
439 1148 446 1183 t
458 1137 503 1184 sed
516 1136 578 1184 illud
588 1151 631 1199 op·
655 1133 813 1183 tentamentis
823 1136 926 1195 potuisti
936 1136 1006 1196 capi,
1018 1147 1064 1184 nec
1074 1135 1185 1196 premiis

102 1199 228 1258 probrium
234 1197 324 1251 ebristi
334 1203 459 1252 thesauris
467 1206 563 1264 ,egypti
574 1218 631 1266 pre.
654 1200 815 1260 intlecti,nec
823 1203 999 1264 suppliciorum
1007 1203 1185 1255 acerbitatibus

103 1266 189 1317 tiosius
204 1270 350 1318 estimatum
367 1272 413 1319 est.
427 1271 457 1318 et
471 1271 527 1320 ideo
536 1274 631 1333 Moyses
654 1269 741 1331 frangi·
752 1272 865 1331 Denique
879 1284 894 1318 a
909 1271 1085 1320 blandimentis
1095 1271 1185 1332 coepit,

101 1334 194 1385 Pbarao
212 1337 277 1397 regis
296 1339 377 1386 aulam
394 1338 511 1400 reliquit,
531 1341 557 1388 et
572 1342 630 1390 fidei
653 1338 1185 1401 quietudicabattormontasuapossesupe·

101 1405 178 1464 elegit
194 1406 370 1466 opprobrium,
393 1407 436 1455 cui
455 1420 481 1457 se
501 1411 630 1469 opprobrio
652 1407 711 1454 rari.
722 1407 858 1468 Erubesce,
870 1408 1094 1469 inquit,canitiem
1101 1408 1184 1466 mam,

102 1473 180 1520 maria
196 1474 347 1523 dividebant.
357 1476 412 1535 lpse
423 1487 481 1534 ergo
490 1477 629 1536 liopbtalr'm
653 1486 769 1524 revereor
789 1477 959 1536 senectutem,
977 1479 1053 1525 miror
1074 1476 1185 1537 pruden-

102 1539 162 1587 vitis
178 1539 256 1589 toturn
270 1542 374 1597 remissa,
387 1554 433 1602 per
449 1543 584 1604 murrdum,
601 1547 630 1594 ut
653 1542 713 1590 liam
730 1555 738 1590 r
756 1555 800 1592 cur
819 1544 995 1593 abstinendum
1013 1545 1085 1593 bonis
1103 1543 1184 1604 epulis

102 1608 214 1656 omuibus
225 1609 322 1669 populis
331 1610 470 1659 ubertatem
484 1614 566 1672 poculi
578 1615 627 1674 spi·
651 1613 722 1670 putes
744 1624 805 1672 quas
829 1613 918 1660 natura
942 1611 1064 1674 largituri
1089 1612 1186 1661 lielaxu

101 1673 179 1724 uitalis
196 1676 346 1726 infunderet.
361 1679 417 1739 lpse
434 1681 472 1728 est
485 1681 627 1743 ampliatus,
651 1681 788 1729 istiusmodi
804 1680 989 1742 pervicaciam,
1009 1677 1186 1742 expergiscere

101 1743 194 1794 babens
204 1757 294 1794 nomen
303 1757 378 1807 super
387 1759 461 1796 omne
468 1760 575 1810 nornen,
585 1752 627 1811 qui
651 1748 796 1810 aliquando,
806 1749 865 1796 dum
880 1748 961 1796 adbuc
979 1749 1044 1796 malo
1059 1747 1107 1796 tibi
1124 1758 1185 1806 per-

100 1811 216 1870 quoniam
226 1826 253 1862 se
264 1825 308 1874 pro
316 1813 429 1862 omnibus
439 1816 531 1864 obtulit
540 1819 628 1876 morti,
650 1816 769 1875 suadere,
779 1828 854 1876 quara
869 1816 1032 1876 extorquere;
1048 1827 1081 1864 ne
1099 1814 1183 1869 rictus

101 1878 157 1926 meo
171 1880 291 1928 auurvna
303 1882 373 1930 naec
385 1883 442 1940 :Aa
455 1897 492 1931 me
507 1888 627 1934 rewers.
650 1883 779 1943 suppinus
796 1878 1070 1944 sacras‚qu0nremtas
1084 1883 1183 1932 narone
1216 1927 1219 1936 ,
1256 1899 1259 1904 ·
1280 1871 1282 1875 ’
1318 1886 1321 1891 ·

101 1949 256 2008 Loquebatur
262 1950 352 2011 iacob,
364 1951 464 1999 ellicus
473 1951 627 2001 audiebatur.
651 1949 1184 2012 invitatusbdbaeeresponditseuexrllos,

101 2016 145 2062 ille
163 2016 341 2077 benedicebat,
359 2019 385 2065 et
397 2020 466 2066 Deus
483 2021 630 2079 personabat
651 2017 1184 2077 Antioche‚nonintentione*ducimur,sed

101 2083 186 2132 dicens
195 2085 257 2134 l'ilio
268 2099 276 2133 ι
287 2088 324 2134 Ad
335 2090 506 2146 mercoralem,
517 2088 565 2136 boc
575 2092 629 2148 est,
651 2085 792 2132 reverentia
802 2084 875 2144 begis
882 2085 1012 2143 tenemur,
1022 2096 1078 2144 quae
1087 2097 1101 2132 a
1109 2085 1182 2132 suilla

100 2154 155 2212 post
162 2155 300 2214 passionem
307 2159 442 2204 revertere.
451 2156 587 2206 devertere
599 2159 628 2206 ad
637 2174 642 2205 ι
652 2165 727 2201 carne
732 2153 905 2202 abstinendum
913 2153 1035 2214 praecipit.
1043 2153 1183 2201 l’ulcberri·

100 2221 184 2269 sedem
202 2221 286 2283 turin,
302 2227 429 2271 revertere
440 2236 496 2272 enm
505 2225 627 2287 tropbaeo,
637 2216 641 2310 t
651 2232 716 2270 mam
724 2221 823 2279 judicas
834 2221 985 2279 creaturam,
996 2232 1088 2280 negare
1098 2221 1183 2269 tamen

100 2293 226 2339 revertere
234 2291 266 2340 ad
275 2292 366 2351 me;ut
374 2294 400 2340 te
409 2295 577 2352 resurgentem
585 2293 631 2343 de·
650 2289 947 2351 nonpotesquodpotior
961 2288 1182 2350 sittemperantia,
1240 2342 1241 2347 ,

101 2357 178 2406 iuuctl
196 2360 347 2419 sequautur,
359 2361 384 2408 et
394 2361 437 2409 tua
448 2363 569 2420 potestate
585 2375 629 2423 pa·
650 2370 724 2417 quom
732 2359 859 2419 uoluptas,
870 2357 951 2418 potior
958 2358 1020 2417 legis
1027 2357 1183 2419 obedientia,

100 2426 175 2486 riter,
186 2428 259 2488 atque
271 2429 386 2488 exemplo
396 2430 539 2489 resurgant,
548 2431 577 2477 nt
587 2431 628 2478 llas
650 2437 724 2484 quam
739 2425 919 2485 praevaricatio.
936 2425 1007 2484 Quod
1023 2421 1045 2473 'si
1064 2426 1111 2473 boc
1125 2426 1183 2475 leve

100 2495 277 2555 primogenitus
287 2508 320 2543 ex
334 2495 451 2555 mortuis,
461 2497 490 2544 ut
500 2496 531 2543 ad
541 2497 628 2545 ‹lexte-
650 2493 1182 2554 putas‚utearnerescamursuillaaquiin

100 2573 152 2609 ram
163 2563 248 2610 sedeas
257 2563 344 2611 Patris.
352 2563 422 2610 Unde
431 2563 457 2610 et
464 2563 542 2612 Filius
549 2564 627 2613 dixit:
650 2560 761 2609 minimis
778 2561 860 2622 legem
876 2563 1050 2622 contemserit,
1060 2562 1183 2622 quomodo

71 2677 72 2680 ,
99 2631 300 2698 ᾼιηοαουῑιιιειῑι
310 2632 629 2684 balsemiumisisscocneu
651 2627 677 2676 in
688 2629 783 2690 maenis
800 2628 910 2678 tenebit?
919 2625 968 2678 Aut
982 2632 1005 2694 el
1019 2630 1127 2691 pretiosa
1143 2633 1183 2678 est

100 2700 131 2747 od
140 2700 262 2746 desieram
272 2701 365 2748 virtutis
376 2702 430 2748 Dei.
651 2699 762 2748 creatura
770 2698 910 2758 hujusmodi
918 2699 1078 2759 paludicaris,
1086 2711 1144 2747 cum
1152 2704 1185 2747 eo²

129 2768 169 2814 59.
181 2768 259 2826 Neget
275 2766 331 2828 quis
342 2769 441 2816 beatum
452 2768 526 2817 iacob
539 2770 629 2831 inipso
651 2768 717 2829 quod
731 2767 764 2815 sit
776 2768 987 2828 pulcherrimum,
997 2763 1181 2815 defraudamur.

99 2835 186 2884 mortis
201 2848 330 2897 supremo,
348 2838 392 2897 qui
410 2837 495 2886 divina
512 2839 630 2889 fundebat
651 2835 806 2884 Abstinentia
816 2836 901 2882 autem
910 2836 993 2883 nostra
1004 2835 1135 2894 disciplina
1145 2835 1188 2882 cst·

99 2903 208 2954 oracula.
219 2905 297 2964 Neget
310 2905 411 2953 beatum
428 2905 519 2965 loseph
534 2908 563 2955 in
578 2920 630 2956 car·
652 2904 810 2959 castimoniae.
831 2903 955 2952 Dissimus
977 2903 1045 2951 enim
1067 2915 1182 2951 resecare

99 2984 174 3032 cere,
188 2971 231 3019 ubi
244 2971 372 3032 sapientia
382 2971 471 3033 spiritu
480 2973 630 3035 interpreta-
651 2974 791 3032 luxuriam,
805 2969 957 3032 cupiditates
966 2971 1084 3030 vincere,
1096 2971 1184 3031 errclu-¹
1217 3029 1220 3032 ⁴

100 3040 328 3089 batursomniorum
338 3042 629 3103 quaeaudierat,verita·
652 3043 711 3091 dere
732 3039 958 3100 concupiscentias,
976 3038 1183 3088 delectationibus

99 3110 164 3169 tem,
182 3110 207 3157 et
224 3109 362 3158 futurorum
383 3111 474 3160 seriem
491 3113 627 3163 revelabat.
652 3110 759 3171 corporis
776 3107 887 3158 obviare.
906 3107 1069 3157 Fortitudinis
1084 3114 1183 3172 quoque

99 3178 175 3237 neget
185 3178 285 3226 beatum
293 3178 405 3240 Esaiam,
416 3192 473 3227 cum
483 3181 579 3230 medius
589 3195 630 3231 se·
652 3178 800 3226 exercitium
816 3175 869 3236 est,
888 3176 970 3236 poenis
987 3189 1032 3237 pro
1050 3176 1115 3235 Lege
1132 3188 1184 3225 uon

100 3247 212 3295 careturr
222 3247 452 3308 Hieremiam,cnm
459 3252 627 3309 mergeretur:
651 3247 749 3296 cedere.
760 3245 868 3295 iustitias
878 3256 978 3306 quoque
1000 3243 1096 3304 insigne
1107 3244 1183 3303 atquc

99 3315 188 3364 Daniel
195 3316 319 3375 sanctum,
328 3329 384 3363 cum
392 3316 548 3365 interleones
553 3318 629 3367 staret
651 3315 804 3375 prudentia,
814 3315 843 3361 ut
853 3314 920 3374 quod
935 3313 1090 3372 sequendum
1103 3313 1184 3372 elegi·

99 3381 250 3444 intrepidus,
270 3383 296 3431 et
309 3381 439 3442 prandium
455 3383 480 3430 ei
496 3384 581 3444 raptus
598 3384 628 3430 ab
651 3381 958 3440 muetimorebei,morte
968 3380 1092 3439 proposita
1102 3391 1184 3442 reserf

100 3451 191 3512 burele
201 3450 321 3510 propbeta
337 3450 454 3498 deterret.
470 3453 523 3499 lton
542 3451 628 3511 utique
651 3463 746 3500 remus.
753 3450 812 3508 Quis
818 3461 899 3498 escam
906 3445 1183 3507 imperetliberisiQuis

100 3518 157 3567 ideo
174 3517 276 3576 beatus,
291 3517 351 3577 qnia
368 3503 477 3565 aliebum
493 3518 629 3578 prandebat
652 3518 736 3565 autem
752 3528 779 3564 se
789 3514 920 3562 ridendum
935 3512 1044 3573 praebeat
1057 3514 1085 3560 ut
1098 3514 1125 3560 in
1135 3515 1183 3562 boc

32 3596 36 3601 ·
100 3585 242 3646 prandium:
250 3584 355 3646 sedquia
363 3585 458 3633 meritis
465 3586 515 3635 suis
525 3586 629 3646 impasta
652 3585 759 3643 serviat,
769 3584 796 3631 et
807 3594 857 3629 nou
867 3581 1004 3630 ridebitur?
1014 3583 1069 3630 llon
1082 3595 1136 3630 sum
1146 3583 1181 3633 ita

101 3653 200 3701 leonum
210 3663 253 3700 ora
264 3652 401 3701 claudebat.
418 3653 478 3710 Quis
488 3653 570 3700 autem
580 3666 629 3701 non
653 3667 743 3712 senex,
760 3652 789 3700 ut
803 3651 866 3699 milri
882 3661 932 3699 nou
946 3651 1092 3714 juvenescat
1105 3652 1183 3702 animi

101 3720 198 3768 beatam
206 3719 301 3767 dixerit
310 3718 628 3780 matremblacbabaeorum,
653 3720 779 3769 fortitudo.

100 3801 155 3849 qnae
184 3787 280 3849 septem
296 3788 402 3836 tiliorum
430 3788 559 3837 funeribus
587 3801 630 3836 oc·
682 3786 867 3847 tl.suspensus
877 3785 961 3847 itaque
972 3798 1028 3834 cnm
1038 3785 1098 3835 hine
1108 3787 1182 3848 atquc

99 3857 235 3983 tnaiffihsie’
248 3856 342 3904 addidit
360 3855 390 3903 ad
405 3857 504 3906 landem
523 3852 629 3907 coelestis
677 3906 686 3923 ⁸
700 3903 822 3943 mmmm·
836 3901 859 3939 m
875 3906 915 3950 esc,
929 3903 1017 3952 proptu
1031 3903 1141 3941 colunum
1158 3911 1182 3939 as

225 3957 233 3969 '
654 3955 768 3997 electione:
780 3955 820 3994 nbi
836 3954 893 3995 forie
908 3955 966 3995 idem
980 3957 1017 4006 sit,
1034 3960 1098 4003 atque
1115 3954 1181 3993 animi

321 4015 409 4027 ···“”
654 4009 947 4058 contentioneclpertinacia.

185 4066 203 4109 t.
