2752 4806
151 352 196 403 mi
483 352 488 359 ’
528 358 659 402 sancti
679 356 852 403 annnosli

149 432 674 497 liaustlaqitlorumnostrorumelamoribus
697 440 761 486 seuit
778 438 869 495 obiam
891 437 943 487 illis.
961 436 1105 486 mnarum
1125 434 1224 486 cneumti

148 504 177 550 ut
199 503 328 563 aliqnando
346 503 473 563 vindicet,
498 505 542 564 qui
567 505 675 553 libenter
700 506 797 553 obviarn
809 519 816 551 ι
828 507 888 565 iste,
899 509 1051 564 exsurrexit,
1062 508 1223 555 etadornvitis

149 571 260 630 ignoscit.
583 600 585 605 ·
697 575 782 632 faeiem
792 588 861 635 super
875 578 978 632 ternum,
996 577 1019 622 et
1033 575 1224 631 dixitrliccedo·

178 637 217 686 ts.
226 639 338 698 lienique
347 640 449 687 Abrahae
455 639 551 700 petenti
559 653 592 688 ne
600 641 673 689 simul
697 642 877 689 mini‘dcctinale
889 645 914 689 in
928 645 1022 689 damant
1031 637 1108 703 pueri
1118 638 1225 690 uesbiilit

74 708 82 719 “
148 706 263 764 perderet
277 707 367 766 justas,
383 708 506 767 umquam
522 707 633 767 tniquos,
649 710 674 755 et
698 710 777 768 coeqss
800 710 857 757 illos
876 710 1016 768 divertere,
1033 711 1083 769 qui
1101 704 1224 757 ainohun

146 774 307 835 interroganti
330 777 381 822 :si
396 775 484 834 {semini
505 777 673 835 quinquaqinta
700 771 1225 838 tantaleamanebimus-'commenditurhit

145 843 671 904 iustiinusitamperdmitloailiespondit:
695 844 756 900 justi
781 846 910 904 sanctitas,
930 845 955 893 et
973 842 1224 905 ungarorum-auu

147 914 202 959 Non
219 914 315 972 mrtem
333 914 459 968 ciuitatem,
475 913 497 959 si
512 913 634 970 pasnatici
644 926 672 959 ea
696 914 736 960 llli
756 913 873 961 rrolebant
892 913 1026 960 adventum
1047 913 1129 960 'stium
1128 910 1225 973 hospiti

147 982 317 1041 quinquaqinta
329 981 518 1040 incastratura
531 982 607 1027 lacum
623 994 673 1028 ser-
696 981 832 1039 qraviorem
850 981 949 1028 videri.
960 968 1087 1040 ille,q'ui
1093 964 1168 1029 inter
1173 990 1225 1040 quus

147 1050 214 1098 saba.
226 1050 301 1097 Etsie
315 1062 361 1110 per
375 1050 487 1096 ordinem
501 1049 673 1109 interrogatio·
697 1050 820 1098 habitaret
844 1050 952 1109 sciebat,
978 1049 1120 1098 tutamen
1135 1046 1224 1097 deinum

147 1130 220 1176 num,
232 1119 257 1166 et
265 1119 450 1178 responsionum
460 1117 554 1176 vloem
566 1119 641 1165 etiarn
651 1130 672 1165 ιι
695 1131 764 1165 snam
782 1119 900 1166 atterebat
919 1117 1055 1177 periculis,
1079 1106 1171 1176 qdmus
1186 1128 1224 1164 m·

147 1187 233 1233 ‹lucem
256 1186 333 1243 justos
356 1185 481 1233 invenerit
502 1185 528 1231 in
553 1185 667 1244 civitate,
696 1185 773 1234 terret
791 1187 909 1245 hospites.
926 1187 997 1232 Certe
1012 1198 1065 1245 quo
1070 1180 1224 1232 tardinsao·

145 1256 230 1301 tamen
239 1255 339 1313 propter
352 1265 486 1312 paucorum
495 1251 632 1310 iustitiam'
625 1266 673 1298 rm·
695 1254 870 1312 quiescebant,
883 1253 976 1300 diutins
987 1253 1113 1302 tentando
1118 1251 1224 1348 ,piabit

146 1321 285 1380 punitatem
296 1321 341 1367 toti
357 1321 446 1379 populo
460 1319 591 1377 promittit.
602 1320 672 1366 Unde
696 1322 943 1384 comprobabant.

147 1388 263 1434 discimus
272 1386 377 1446 quantus
393 1398 478 1432 murus
488 1387 520 1432 sit
537 1386 622 1443 patrias
633 1398 672 1432 vn·
725 1388 763 1434 52.
785 1390 840 1437 Viri
854 1391 931 1436 auum
944 1376 1051 1437 abitalia
1069 1372 1223 1438 sodomum

145 1455 238 1513 justus,
255 1453 458 1533 quemadmodum
473 1465 522 1499 non
538 1453 672 1501 debeamus
695 1456 892 1503 circumdederunt
902 1458 997 1504 buum
1009 1457 1039 1504 ab
1056 1457 1153 1516 infante
1163 1464 1222 1517 usque

146 1523 259 1571 invidere
275 1521 449 1579 virissanctis,
463 1533 509 1567 nec
525 1521 617 1569 temere
628 1522 672 1568 de·
695 1525 725 1568 ad
740 1537 833 1581 senens,
853 1527 912 1571 totus
931 1525 1032 1584 papulus
1048 1526 1155 1585 pariter.
1168 1526 1222 1587 Pra-

147 1603 240 1651 roqare.
249 1590 350 1638 lllorum
361 1589 452 1637 etenim
460 1601 504 1636 nos
512 1589 571 1636 tides
581 1591 669 1647 servat,
695 1591 798 1638 struitur
810 1591 897 1649 iudicii
906 1592 985 1639 divini
996 1592 1120 1652 aequitas,
1128 1606 1160 1641 ne
1170 1592 1221 1639 turio

146 1661 247 1707 illorum
269 1659 366 1717 institia
385 1659 416 1705 ab
435 1657 532 1704 excidia
550 1657 669 1705 defendit.
695 1659 750 1717 quis
758 1659 1222 1720 diceret2qnidpeceaveruntpuerunt

146 1728 249 1774 sodoma
260 1739 355 1787 quoque
371 1727 391 1773 si
408 1725 533 1772 habuisset
550 1725 616 1773 viros
627 1727 671 1773 de-
695 1727 1221 1791 omnesexcidiuinvolverentnrilta'nullu

146 1794 298 1854 semiustos,
309 1793 389 1854 potuit
399 1788 550 1851 ιἰοιιΡιιίιι.Ι
694 1793 746 1840 illic
758 1793 852 1851 justus,
866 1793 948 1840 nullus
962 1787 1088 1842 innocens
1099 1795 1157 1844 tuit.
1168 1794 1221 1843 hn'ii

176 1861 216 1910 til.
224 1863 343 1920 Qnidsibi
353 1855 436 1907 autein
444 1861 568 1920 vultquod
579 1860 615 1907 illi
627 1861 670 1920 qui
694 1861 843 1920 scripturam
852 1861 1027 1908 testificantem
1034 1863 1220 1921 qniaeircursis·

136 1931 178 1978 'ad
188 1931 307 1978 Abraham
322 1929 394 1976 simul
410 1940 466 1975 eum
475 1928 578 1975 Domino
594 1941 671 1975 vene-
694 1930 877 1975 deruntdosnum
885 1929 915 1976 ab
925 1929 1100 1990 infantemque
1109 1932 1219 1989 aduam,

146 2002 213 2059 rant,
224 1994 351 2046 Sodomam
368 1997 493 2056 petierunt
508 1996 628 2055 viri,'nisi
643 1998 670 2045 ut
695 2000 754 2046 totus
774 2000 870 2058 poptdus
886 2000 984 2058 pariter.
1003 1998 1078 2045 Nulla
1098 2000 1157 2048 astas
1173 1998 1217 2047 emt

146 2069 302 2115 acerbaretur
311 2067 404 2115 crimen
415 2062 513 2123 eorum,
523 2066 544 2112 si
554 2078 614 2124 quos
621 2065 671 2122 jus·
694 2066 772 2124 culpas
790 2067 919 2124 immunis,
933 2066 989 2113 ideo
1005 2067 1094 2114 nullus
1111 2066 1217 2115 immunis

146 2136 186 2184 tus
201 2135 375 2194 honoraverat,
387 2135 426 2181 his
436 2134 527 2192 majore
543 2133 669 2191 sacrilegio
694 2134 765 2181 exitii
774 2134 830 2180 luit.
839 2136 866 2180 lit
876 2134 918 2193 qui
932 2134 1128 2193 possibilitatem
1140 2146 1218 2196 perpe·

146 2205 217 2263 impii
241 2206 296 2255 vim,
314 2201 461 2251 servarentur
479 2201 587 2249 interret
609 2203 669 2248 liam
693 2202 773 2249 mandi
785 2203 894 2250 criminis
910 2202 1074 2262 nonhabuit,
1093 2202 1218 2250 habuiist-

145 2269 669 2332 quodvirasdixit,evidensestrati03qula
693 2269 793 2316 tectum.
809 2271 891 2317 nnete
906 2271 971 2316 vires
986 2266 1093 2330 senum,
1105 2271 1217 2319 sedmeas

144 2342 252 2400 speciem
262 2339 426 2400 preferebant
436 2339 552 2385 virorum.
693 2337 765 2394 plena
784 2337 902 2384 libidinis.
921 2336 1046 2383 Otierehat
1061 2338 1163 2385 saneim
1180 2336 1217 2384 nt

175 2411 214 2458 oo.
226 2409 352 2457 Sodomam
360 2410 482 2455 venerumt
491 2417 608 2464 vespere,
618 2417 670 2452 me·
693 2405 796 2451 tiliarum
806 2404 998 2463 pudoremllam
1011 2403 1059 2451 etsi
1074 2405 1121 2451 illa
1128 2414 1216 2464 quoquo

145 2476 209 2524 ridie
220 2477 250 2523 ad
261 2476 398 2534 'rthraham3
408 2475 466 2534 quia
481 2474 545 2530 insto
564 2473 669 2532 refulget
692 2471 810 2532 flagitiosa
817 2473 945 2530 impuritas
960 2471 1029 2530 erat3
1047 2473 1136 2519 tamen
1147 2473 1216 2519 mium

145 2543 449 2602 Angelorumpraes'entia,
462 2542 544 2600 impiis
555 2536 668 2589 tenebras
693 2544 745 2587 erat
759 2540 891 2586 secundum
914 2539 1029 2586 naturam
1049 2540 1135 2597 coire,
1154 2549 1216 2598 qnam

145 2609 234 2657 adfert.
245 2613 336 2657 'lamen
350 2612 430 2669 potest
444 2610 532 2657 reterri
548 2611 621 2656 etiam
637 2611 668 2657 ad
691 2607 820 2654 adversum
828 2610 938 2653 naturam
944 2606 1102 2664 delinquere.
1110 2607 1216 2654 Praetere·

143 2678 240 2739 tompus
251 2679 382 2726 Dominicae
398 2679 528 2738 passionis,
539 2679 603 2737 quod
613 2691 667 2725 ves·
691 2675 733 2721 nat
742 2676 827 2722 domus
842 2687 893 2721 snas
910 2674 1066 2721 verecundia
1079 2674 1216 2737 hospitalem

144 2747 199 2807 peri
216 2749 338 2796 venerunt
349 2748 380 2794 ad
392 2759 461 2806 eum,
475 2748 518 2806 qni
534 2747 667 2792 aSodomi-
691 2745 809 2808 gratiam,
823 2744 898 2791 etiam
920 2740 985 2801 a'pud
1004 2742 1125 2789 barbaras
1140 2742 1216 2801 gentes

144 2816 209 2862 tanis
231 2816 426 2874 contagionibus,
450 2816 475 2861 et
498 2814 574 2860 totius
599 2815 667 2862 urbis
692 2814 866 2859 inviolabilem.
882 2811 990 2870 Denique
1007 2810 1061 2857 illic
1076 2811 1215 2870 quoqucin·

144 2885 242 2932 excidio
264 2886 317 2931 erat
336 2884 486 2930 liberandus.
505 2883 598 2942 Vesper
616 2883 668 2928 erat
691 2881 781 2928 otlensa
801 2880 952 2939 hospitalitas
968 2878 1019 2937 est,
1037 2879 1083 2927 ubi
1100 2891 1149 2929 neo
1170 2889 1216 2941 got·

144 2950 278 3010 antequam
293 2953 401 3000 Christus
412 2951 522 3008 veniret3
535 2950 592 3009 quia
602 2952 667 2998 totus
691 2950 794 2996 manitas
800 2951 857 2996 satis
866 2950 918 2996 tuta
929 2950 975 2994 est.

144 3024 197 3065 erat
213 3020 318 3065 mundus
335 3020 362 3063 in
380 3019 496 3064 tenebris.
508 3019 600 3075 Vesper
615 3020 667 3064 erat
720 3018 758 3063 ss.
774 3018 948 3065 Percusseruut
962 3018 1046 3064 autem
1061 3016 1122 3064 illos
1139 3014 1217 3077 angeli

144 3086 257 3131 omnihus
272 3098 343 3145 ‘quos
360 3086 504 3131 immanium
522 3086 667 3131 delictorum
691 3086 815 3143 caecitate,
840 3086 913 3131 utet
939 3085 1029 3131 ostium
1048 3083 1138 3132 domus
1159 3083 1217 3144 quod

143 3151 249 3209 squallor
259 3152 402 3197 tenebrosus
413 3153 523 3209 urgebat.
534 3153 608 3199 Venit
619 3155 668 3199 lla-
691 3155 786 3212 aperire
796 3155 942 3213 cupiebant,
955 3167 1003 3200 non
1015 3155 1165 3213 reperirent.
1178 3154 1217 3201 llio

143 3219 226 3266 minus
250 3218 332 3275 iesus,
356 3219 460 3265 redemit
484 3221 600 3278 sanguine
624 3233 666 3267 sno
690 3222 919 3280 mirabilisquidom
928 3222 1217 3281 augelorumdeciaratnr

143 3286 275 3343 mnndum,
290 3288 372 3332 lucem
383 3286 479 3332 adtulit.
493 3288 612 3334 Venerunt
623 3303 667 3334 aa·
690 3289 808 3348 potestas3
831 3292 859 3337 ut
878 3291 953 3337 otiusa
969 3290 1074 3348 impuris
1098 3290 1217 3349 mellan,

142 3354 666 3414 urviAuqetidassuasionemque-ceperam.
691 3358 1082 3416 nonreperirenturdomusostia.
1090 3357 1141 3404 Sed
1150 3358 1217 3404 etiam

142 3425 189 3472 Ubi
198 3424 275 3482 gratia
283 3423 405 3482 largienda
414 3423 666 3480 est,Christusadest=
691 3426 752 3471 illud
768 3425 918 3482 ostenditur,
934 3427 991 3485 quia
1008 3437 1074 3472 caeca
1091 3427 1130 3472 est
1146 3426 1217 3473 omnis

141 3493 186 3541 uhi
204 3490 341 3542 exercenda
360 3491 490 3549 severitas,
508 3491 553 3538 soli
579 3492 667 3540 adsunt
690 3493 778 3552 libido,
790 3496 815 3541 et
826 3496 882 3540 ante
894 3506 920 3540 se
930 3506 979 3540 non
990 3492 1069 3541 videt.
1080 3492 1153 3550 Quod
1165 3504 1216 3540 vero

70 3571 72 3574 ’
142 3559 261 3616 ministri,
274 3560 343 3607 deest
354 3562 432 3607 lesus.
690 3561 812 3618 hospitum
819 3560 931 3607 manibus
939 3561 1114 3608 revocatusest
1126 3562 1217 3607 saneim

173 3629 211 3673 sl.
228 3629 322 3674 Sedebant
337 3631 381 3674 Lot
391 3630 421 3675 ad
434 3632 535 3688 partam.
548 3629 666 3675 Emenda-
690 3631 733 3674 Lot
743 3629 766 3674 in
776 3630 885 3688 domum,
896 3621 1077 3676 dernenstratnr
1087 3630 1214 3675 immemor

142 3686 229 3742 verant
247 3697 292 3741 Lot
309 3698 420 3742 sanctum
439 3698 539 3743 adversa
562 3698 666 3756 captivi·
689 3697 808 3755 periculi,
820 3709 911 3743 mernor
922 3695 979 3742 fidei
994 3707 1047 3741 non
1062 3695 1216 3755 eripuissent

141 3763 212 3819 tatis,
224 3764 248 3809 et
263 3761 431 3808 sollicitiorem
448 3763 567 3810 iecerunt.
580 3766 664 3824 ltaque
689 3764 813 3821 periculo,
823 3763 866 3810 scd
875 3764 1001 3810 obtulisse.

140 3842 254 3890 processu
262 3828 341 3875 aetatis
351 3829 568 3879 didiceratirnitnri
577 3847 688 3892 paren·
719 3828 756 3876 iit.
768 3831 868 3878 Ponitur
882 3831 983 3890 pietatis
994 3832 1078 3890 locus,
1089 3830 1158 3891 qnod
1168 3838 1216 3876 ιιι·

141 3897 201 3944 torn
219 3895 255 3943 ltd
273 3896 366 3954 portam
393 3896 475 3955 itaque
498 3898 612 3957 sedehat,
635 3902 664 3947 nt
691 3906 1215 3985 m

141 3970 447 4032 exciperetadvenientos
458 3973 569 4033 Denique
580 3989 663 4023 easur
686 3989 755 4030 ataias
776 3993 850 4034 umor».
860 3992 898 4028 ete
