2752 4806
358 351 401 398 nr
420 353 592 400 uisurus
607 329 826 399 arzanacira
845 356 947 400 uranu
965 357 1061 401 uuus.
1189 355 1231 403 eor

145 435 236 495 liquias
246 435 402 496 cogitationis
415 435 559 483 adhibuerit
574 436 605 483 ad
620 448 678 483 ceu·
701 438 806 485 teutiam
816 437 975 497 praedicavit,
986 439 1026 486 eui
1037 450 1084 485 nec
1095 436 1185 486 divites
1196 452 1235 486 re·

146 503 678 564 sessionem,diemtestummentiseelebra-
702 506 802 563 sistant3
815 518 947 553 conversus
955 507 985 553 ad
995 507 1122 554 universos
1131 507 1165 555 ait
1174 520 1181 552 r
1190 509 1235 554 Di-

146 571 184 619 bit
201 586 302 633 arcano,
319 575 345 623 et
361 576 502 635 epulabitur
518 588 567 623 nen
584 575 611 622 iu
629 574 678 622 ter·
702 573 766 620 vites
785 573 934 634 dormitent,
950 574 1047 621 divites⁴
1056 573 1234 634 increpentur:

145 644 230 691 monto
239 644 342 693 malitiae
352 648 378 693 et
389 645 573 706 inequitiae3-sed
585 646 612 693 iu
622 656 678 706 ary·
701 647 832 701 reserate,
847 646 870 691 ct
881 647 968 692 reddite
981 646 1083 692 Domino
1098 649 1147 692 Deo
1159 650 1234 694 verbu

145 712 193 759 mis
202 711 352 761 sinceritatis
363 714 388 762 et
401 714 524 763 veritatis.
702 724 797 770 omnes,
810 715 851 772 qui
863 714 997 761 incircuitu
1011 715 1061 772 ejice
1074 715 1170 774 oderes
1183 729 1234 762 mtr-

175 780 530 841 67.1taqueinconcinsione
546 794 678 831 conversus
701 793 773 838 πονο,
792 780 819 828 id
835 783 888 839 est,
904 782 994 841 gratias
1009 783 1088 842 agite,
1099 795 1233 843 pauperes,

145 849 176 896 ad
186 863 230 898 vos
239 851 362 910 Propheta
374 852 435 900 dicit
445 866 452 898 :
462 853 547 908 Orate,
561 854 584 903 et
591 853 677 899 reddite
701 850 816 908 quianon
827 850 864 898 est
874 863 1032 910 personarum
1038 852 1151 912 acceptor
1158 853 1232 900 Deus.

113 952 117 959 -
145 921 246 967 Dmntoo
255 924 304 968 Deo
313 923 401 977 vestro,
411 921 438 967 id
448 921 487 968 est
497 933 503 965 r
514 920 594 967 Nolite
606 920 678 968 dissi·
701 917 740 963 llli
749 918 1076 979 divitiasstruant‚eondant
1087 920 1233 980 pecuniam,

145 988 255 1047 rnulare,
267 988 374 1048 divites,
383 989 437 1035 dies
446 989 537 1048 iustat,
549 988 616 1035 orate
632 1001 677 1047 pro
701 987 754 1033 auri
765 989 883 1046 aggerent
893 989 918 1036 et
926 989 1022 1047 argenti
1030 989 1160 1037 thesauros
1172 1000 1178 1035 ε
1190 1001 1234 1036 vos

145 1055 252 1114 peccatis
265 1057 368 1114 vestris,
384 1055 481 1103 reddite
492 1069 535 1116 pro
548 1056 678 1103 benefieiis
701 1057 768 1103 erate
776 1089 784 1116 ,
793 1057 836 1116 qui
846 1057 914 1104 aliud
922 1069 972 1104 non
980 1058 1077 1106 habetis
1086 1071 1092 1104 r
1100 1070 1143 1106 ves
1151 1058 1234 1116 orate,

144 1137 199 1185 quse
210 1125 307 1173 habetis
315 1137 428 1173 munera.
440 1127 476 1173 hb
484 1126 538 1186 ipso
546 1125 676 1185 accepistis
701 1125 759 1184 quia
774 1125 821 1172 hec
837 1127 916 1173 solum
928 1127 1040 1184 habetis,
1051 1127 1117 1187 qued
1127 1127 1164 1174 est
1174 1139 1234 1175 auro

144 1194 211 1252 quod
220 1193 327 1242 efferatis
339 1208 345 1241 r
356 1195 434 1254 ipsius
444 1195 481 1242 cst
492 1194 557 1255 quod
568 1194 591 1240 ei
603 1195 678 1241 solvi·
701 1194 833 1252 pretiosius
848 1196 875 1243 et
891 1196 1002 1254 argento.
1014 1197 1063 1243 Vos
1073 1196 1170 1243 reddite
1181 1209 1235 1243 mu·

144 1261 186 1308 tis.
198 1263 284 1322 Dona,
302 1263 398 1322 inquit,
417 1275 487 1320 mea,
502 1263 529 1310 et
539 1262 594 1309 data
605 1275 676 1321 mea,
701 1274 761 1309 uera
776 1263 819 1322 qui
830 1275 844 1310 a
855 1263 960 1311 Domino
978 1276 1028 1311 nen
1044 1263 1175 1321 receditis,
1191 1263 1234 1322 qui

145 1330 192 1377 hoe
204 1330 256 1388 est,
272 1344 326 1391 quae
344 1332 436 1379 effertis
452 1331 516 1377 mihi
534 1330 677 1388 dena‚data
702 1329 761 1377 estis
778 1332 804 1377 in
823 1331 944 1390 circuitu3
963 1331 1079 1391 quoniam
1097 1331 1139 1391 qui
1158 1331 1234 1378 eratis

144 1399 202 1446 sunt
212 1412 267 1446 mea
279 1413 286 1446 ε
298 1413 342 1461 ege
354 1413 383 1448 ea
395 1400 453 1447 dedi
463 1401 534 1448 vebis
544 1401 619 1460 atque
636 1400 678 1447 do-
701 1399 852 1460 lenge,tacti
858 1400 1060 1460 estisprope.Qui
1067 1402 1149 1462 autem
1156 1411 1232 1458 prope

144 1468 211 1514 navi.
223 1469 335 1528 Denique
352 1470 474 1530 Propheta
491 1470 526 1518 ait
537 1483 543 1515 a
555 1472 677 1517 Bonnam
701 1467 874 1516 sibiridentur
882 1481 934 1516 esse
945 1480 990 1527 per
998 1467 1133 1515 divitiosae
1144 1468 1234 1525 poten·

144 1537 523 1599 encore-moeniadlpes,ideotua
531 1538 579 1586 tibi
587 1538 676 1596 edero,
700 1536 1083 1596 tiam‚longefactisuntprepter
1091 1535 1230 1582 avaritiam.

144 1605 259 1662 queniam
269 1606 333 1653 nihil
344 1607 424 1654 habeo
434 1607 499 1666 quod
517 1618 566 1652 nen
577 1606 675 1653 dedisti.
700 1606 775 1651 Nemo
793 1606 861 1651 enim
877 1604 935 1652 loris
950 1607 999 1662 est,
1015 1604 1063 1651 uisi
1074 1616 1148 1662 quem
1160 1604 1232 1663 culpa

143 1672 216 1719 Fides
225 1674 262 1721 est
271 1686 326 1733 quae
337 1675 399 1721 dona
409 1673 538 1732 conciliat,
550 1673 677 1721 humilitas
700 1672 848 1731 excluserit,
856 1673 883 1720 πῖ
892 1673 968 1732 ejecit
978 1673 1054 1719 Adam
1065 1672 1096 1719 de
1104 1672 1230 1731 paradiso,

143 1740 181 1788 est
198 1754 253 1800 quae
268 1742 350 1789 oblata
361 1741 524 1789 commendat.
536 1742 596 1788 Fide
614 1741 675 1788 Abel
700 1738 1232 1799 etexclusitEram.llemeleuge,nisiquem

142 1809 275 1869 plurimam
293 1809 399 1857 hostiam
415 1809 508 1856 obtulit
517 1810 570 1856 Deo
582 1822 589 1854 r
602 1821 677 1868 super
699 1807 793 1867 flagitia
804 1809 903 1868 propria
913 1809 1088 1868 relegaverint.

142 1877 202 1925 Cain
210 1877 291 1924 fratris
297 1877 498 1937 muneraplacuil
504 1878 675 1937 menesthei,
730 1878 769 1926 69.
778 1880 839 1938 Ergo
845 1890 888 1926 ves
898 1889 974 1938 prope
982 1878 1056 1938 positi
1066 1879 1134 1926 orate
1143 1878 1232 1926 etred-

143 1944 202 2003 quia
212 1945 405 1992 hiacinthum
416 1945 482 1992 uude
494 1946 610 2005 pauperis
620 1947 677 1993 hes·
700 1946 751 1994 dite
770 1960 874 1994 munera
893 1948 1008 2004 terribili,
1020 1949 1042 1994 ot
1059 1949 1081 1994 ei
1095 1949 1137 2006 qai
1153 1949 1231 2006 aufert

143 2013 180 2060 tia
197 2013 289 2074 magis,
303 2027 377 2075 quam
398 2014 483 2063 divitis
499 2014 595 2074 placet?
614 2016 677 2074 Quia
698 2018 832 2075 principem
847 2017 969 2074 spiritum,
983 2015 1080 2062 terribili
1092 2018 1154 2074 opud
1167 2029 1232 2075 repes

143 2094 238 2142 pauper
253 2082 302 2130 lide
316 2083 390 2130 ditior
401 2083 450 2143 est,
462 2083 594 2132 sobrietate
609 2085 677 2131 locu·
700 2085 783 2142 terren
795 2082 901 2141 eoquod
915 2083 983 2128 nullo
1001 2081 1136 2128 redimatur
1147 2082 1231 2130 divitis
1306 2114 1308 2118 a

143 2152 249 2212 pletier3
261 2152 286 2199 et
297 2164 353 2199 cum
368 2152 401 2200 sit
410 2164 519 2213 pauper,
535 2165 567 2199 ex
578 2153 628 2200 illis
639 2153 677 2201 est
700 2151 889 2210 praemie,nullo
898 2149 1038 2197 inflectatur
1046 2150 1184 2209 petentium
1192 2163 1232 2198 su·

143 2220 175 2267 de
193 2221 283 2280 quibus
299 2219 391 2267 dicitur
406 2232 412 2265 r
432 2221 486 2267 ribi
503 2220 597 2277 offocat
611 2235 677 2280 copes
699 2219 816 2279 percilio,
828 2220 871 2279 qui
882 2220 959 2279 culpae
970 2219 1051 2278 pretia
1062 2219 1230 2278 discriminat,

143 2303 250 2336 moneo.
260 2290 313 2336 Nou
321 2289 388 2335 enim
398 2287 540 2348 purpuratis
551 2289 678 2337 offerenti·
699 2288 742 2347 qui
753 2300 801 2347 que
811 2289 867 2347 plus
880 2288 955 2335 alicui
971 2288 1116 2347 contulerit,
1128 2301 1158 2336 eo
1173 2292 1230 2349 plns

143 2357 204 2416 bus,
213 2357 256 2404 sed
265 2357 345 2403 motus
353 2356 464 2416 proprios
474 2357 617 2416 regentibus
627 2358 677 2405 Do-
701 2356 779 2416 exigit
794 2356 825 2402 ab
836 2367 875 2402 ee.
886 2355 944 2403 Saul
955 2356 1050 2415 privato
1061 2356 1164 2404 eontulit
1174 2370 1230 2417 reg·

143 2424 677 2486 minusJesusdelectatur,quicorporalilas-
699 2437 774 2484 uum,
790 2425 833 2472 sed
844 2425 901 2485 quia
912 2425 1053 2471 mandatum
1065 2438 1114 2472 non
1125 2427 1231 2473 eustodi-

144 2495 308 2542 eiviaemcntis
317 2494 474 2542 dominentur
482 2495 596 2554 imperio.
603 2496 676 2544 Orate
701 2494 751 2553 vit,
762 2495 788 2542 et
798 2506 902 2553 regnum
913 2493 994 2541 amisit
1003 2496 1029 2542 et
1036 2495 1159 2554 spiritum.
1168 2497 1230 2542 illul-

145 2575 215 2623 ergo,
227 2562 328 2611 divitesl
339 2564 392 2610 Neu
407 2562 504 2610 hahetis
519 2563 545 2609 in
561 2564 677 2623 operibus
700 2563 738 2608 tos
758 2574 829 2622 reges
849 2562 960 2620 gentium
982 2563 1083 2623 propter
1102 2564 1230 2623 perfidiam

143 2632 209 2692 qued
218 2631 321 2692 placeat.
332 2632 405 2679 Orate
416 2632 577 2691 propeccatis
588 2633 677 2680 vestris
700 2630 761 2678 tecit
770 2633 883 2692 epopulo
892 2633 990 2691 patrum
999 2643 1051 2678 esse
1058 2633 1166 2692 captives
1174 2632 1192 2680 *.
1202 2636 1231 2680 Et

144 2702 219 2762 atque
233 2703 348 2762 flagitiis,
359 2703 385 2750 et
399 2700 497 2749 reddite
508 2702 614 2749 Domino
625 2703 677 2751 Deo
700 2701 729 2747 ut
737 2701 787 2759 jam
798 2700 829 2747 de
840 2701 963 2761 proposita
974 2702 1103 2760 loquamur
1112 2702 1228 2759 historia,

145 2773 225 2819 vestro
238 2784 351 2819 munera.
361 2771 467 2819 Reddite
478 2772 505 2818 in
515 2783 640 2831 paupere,
650 2772 677 2819 in
700 2769 741 2828 mii
752 2769 835 2816 Achab
852 2781 936 2829 regem
952 2771 1093 2818 eoelestibus
1108 2771 1229 2830 ingratum

146 2841 358 2900 egenesolvite,et
364 2841 390 2887 in
397 2841 441 2887 illo
447 2841 522 2900 inope
528 2840 647 2888 loenerate
668 2873 676 2900 ,
700 2837 828 2895 benefieiis
838 2837 873 2885 ita
882 2839 955 2896 J'ussit
963 2838 1056 2898 occidi,
1065 2840 1094 2885 ut
1104 2851 1118 2885 a
1127 2839 1230 2886 canibus

144 2921 220 2969 quem
229 2910 326 2969 placare
335 2909 436 2969 prepter
443 2911 524 2957 vestra
531 2909 621 2967 flagitia
631 2911 678 2956 ali·
701 2907 755 2965 eius
766 2908 869 2954 vulnera
880 2907 1055 2954 lamberentur.
1065 2908 1161 2955 Etenim
1171 2909 1229 2969 quia

144 2982 240 3026 tecnon
250 2978 446 3038 potestis.Quem
455 2980 561 3026 ultorem
568 2978 675 3039 timetis,
699 2976 816 3036 pauperis
830 2976 928 3023 vineam
945 2976 1119 3036 concupierat,
1134 2988 1229 3036 nequa-

144 3045 371 3093 lacitedebiterem.
380 3048 551 3108 Nonoociplem
559 3079 567 3103 ‚
579 3046 675 3106 inquit,
700 3057 773 3105 quam
787 3044 863 3092 tantis
877 3045 965 3105 opibus
984 3045 1097 3103 expletus
1113 3045 1230 3106 imperii,

144 3116 171 3161 de
185 3116 253 3161 domo
269 3116 422 3173 lacertulos,
441 3129 514 3176 neque
529 3117 556 3163 de
571 3117 676 3177 propians
700 3112 763 3160 inira
784 3125 882 3160 omnem
900 3114 1009 3174 inopiam
1029 3114 1142 3163 redactus
1161 3116 1230 3163 esta

145 3184 191 3231 tob
210 3183 301 3243 birros,
322 3185 432 3243 quoniam
450 3197 507 3231 meoe
525 3188 579 3232 rent
597 3198 676 3234 omnes
699 3176 811 3230 Domino.
824 3185 876 3231 Non
891 3184 935 3244 qui
949 3185 1052 3232 vulnera
1068 3185 1121 3243 eJus
1137 3186 1231 3232 lavaret

145 3251 202 3311 seroe
211 3252 332 3299 silvorum.
342 3251 466 3310 Quidquid
475 3252 627 3312 obtuleritis,
639 3252 676 3298 in·
700 3251 815 3300 iuventus
829 3256 879 3311 est,
896 3264 945 3299 non
960 3253 1002 3311 qui
1014 3265 1101 3311 eorpus
1112 3254 1228 3311 operiret.

145 3320 212 3380 quit,
223 3332 308 3366 meum
319 3320 369 3379 est,
381 3321 438 3379 quia
453 3320 518 3368 totus
529 3321 595 3368 orbis
606 3334 677 3368 meus
700 3320 797 3367 Defecit
813 3321 878 3366 circa
893 3333 950 3366 eum
968 3320 1094 3365 hominurn
1115 3319 1229 3365 humani-

145 3389 253 3436 est.Neu
264 3388 337 3447 exige
348 3401 403 3448 quae
414 3400 469 3435 mea
480 3389 554 3435 sunt:
566 3389 677 3448 estquod
700 3388 750 3444 tas,
761 3398 848 3432 canum
863 3386 981 3433 suecessit
997 3387 1123 3443 asperitas.
1138 3387 1229 3444 Dignos

145 3457 176 3504 de
185 3459 265 3506 vestre
274 3458 336 3504 mihi
348 3458 445 3518 possitis
455 3459 557 3517 offerre,
567 3459 676 3505 studium
700 3455 773 3514 plane
790 3455 828 3500 sui
844 3455 969 3501 ministres
980 3453 1076 3500 funeris
1087 3466 1174 3501 avarus
1188 3454 1228 3500 in·

145 3526 283 3574 devotionis
299 3527 325 3573 et
343 3526 409 3573 fidei.
428 3527 481 3573 Non
501 3526 675 3574 sacrificiorum
700 3526 780 3573 veuit.

145 3595 280 3641 ambitione
300 3594 409 3642 delector
429 3606 435 3639 ε
454 3594 640 3653 tantummodo,
662 3605 677 3641 o

146 3664 233 3722 home,
243 3664 340 3710 immolo
347 3666 396 3710 Deo
404 3664 542 3722 sacrificinm
553 3663 643 3720 leudis,
656 3666 677 3710 et

145 3731 213 3777 redde
222 3731 341 3780 Altissi'mo
349 3734 404 3780 vota
414 3734 463 3778 iti-a·
701 3750 762 3783 retur
776 3745 907 3783 ordinandus
921 3744 962 3781 hoc
976 3743 1039 3781 mode
1051 3754 1056 3782 :
1068 3745 1139 3782 illoltes
1154 3756 1206 3792 repes
1218 3758 1227 3782 e

175 3798 216 3847 68.
227 3801 275 3848 dut
290 3800 372 3859 certe,
385 3801 406 3847 si
416 3798 510 3860 placet,
525 3799 560 3846 sic
571 3799 677 3858 accipie·
699 3801 768 3846 reneio
782 3804 857 3846 parram
871 3805 959 3845 (nempe
974 3797 1136 3839 israelitarum)
1151 3803 1228 3844 proper

145 3853 677 3926 mus·Qu⁰ni'amdixit0bdomissesomnum
698 3853 798 3916 perfidiam
813 3851 857 3898 fecit
878 3853 961 3900 penitam
977 3861 1016 3888 erre
1027 3853 1114 3913 cepticos.
1127 3851 1168 3910 Sed
1182 3859 1227 3908 'non

145 3949 217 3983 suurn
239 3936 343 3993 divites,
362 3935 543 3996 increpationes
560 3934 678 3994 premisit
701 3905 910 3999 fflfflffisofflt
927 3903 983 3951 ἣρω
1000 3903 1137 3942 Ambrosium
1155 3904 1226 3936 ffi-

146 4005 245 4052 Domini
255 4004 280 4051 in
292 4006 472 4062 ees,terroreni
482 4004 621 4062 subtexuit,
634 4016 677 4063 pe·
759 4023 765 4038 e
939 4023 993 4032 -—

722 3641 731 3658 ⁶
741 3638 843 3686 Suspicati
853 3641 903 3674 sunt
913 3635 991 3674 Bened.
1007 3635 1043 3674 hie
1057 3647 1069 3673 a
1080 3636 1173 3674 librariis
1182 3638 1227 3676 lac-

701 3694 745 3730 iam
755 3691 948 3739 transpositionem,
959 3690 989 3726 ita
1004 3692 1030 3726 ut
1040 3689 1099 3727 locus
1110 3691 1157 3739 ipsis
1165 3692 1228 3728 vide·
1293 3710 1298 3733 ι
