2752 4806
207 396 228 442 Χ
592 392 722 441 θΑιιῦΤΙ
740 393 914 440 ΑΜΒΙιΟθΙΙ

238 475 281 532 att.
295 472 430 531 Periclem
443 473 617 544 tempusduo
626 473 808 544 potentissimi
823 475 852 530 et
865 472 1062 542 sapientissimi
1071 474 1128 530 'viri
1138 477 1286 531 Persarum

204 556 241 612 ad
258 553 360 610 tamam
375 553 528 611 Sacerdotis
545 568 647 610 venere
664 554 864 622 Mediolanum,
877 553 1034 619 deferentes
1045 567 1140 608 secum
1152 554 1285 623 plurimas

204 633 385 704 quaestiones,
397 633 430 687 ιιι
441 646 476 687 ιι
485 632 528 686 bis
543 632 692 702 probarent
702 633 866 701 sapientiam
879 632 932 688 viri
946 647 953 686 ι
966 646 1031 686 cum
1040 646 1096 701 quo
1105 633 1140 688 ab
1150 634 1217 687 bora
1229 632 1284 688 dici

203 713 292 782 prima
307 725 395 781 usque
414 711 443 765 in
457 711 554 764 horam
572 711 683 765 tertiam
698 712 786 766 noctis
798 727 850 782 per
863 713 1043 780 interpretem
1058 710 1284 782 disputaverunt,

202 792 427 861 admirantesque
435 789 622 845 discesserunt
631 791 665 844 ab
675 806 719 846 eo.
732 793 765 845 iit
773 794 805 846 ut
813 806 843 847 se
852 791 1003 861 probarent
1015 803 1070 844 non
1080 789 1114 843 ob
1124 790 1206 844 aliam
1215 804 1284 845 cau·

202 884 262 926 sam
272 870 399 935 venisse,
413 869 465 923 nisi
477 871 509 923 ui
522 870 599 923 certo
610 869 714 925 certius
724 870 836 926 nossent
844 871 951 936 virum,
963 883 1049 940 quem
1059 867 1132 922 lama
1144 881 1288 938 compere-

196 951 281 1015 -rant3
291 948 345 1003 alia
354 947 400 1002 die
409 946 606 1003 valefacientes
616 948 793 1019 imperatori,
804 948 920 1019 proiecti
930 949 994 1004 sunt
1003 947 1038 1002 ad
1047 948 1145 1002 urbem
1155 950 1283 1011 Romam,

203 1029 260 1083 illic
271 1029 394 1083 volentes
404 1041 571 1098 cognoscere
580 1028 734 1097 potentiam
743 1029 858 1084 illustris
869 1028 922 1086 viri
933 1027 1030 1093 Probi,
1043 1041 1099 1098 qua
1110 1026 1236 1095 cognita,
1249 1025 1285 1081 ad

202 1107 313 1178 propria
323 1109 494 1162 remearunt.

236 1187 279 1241 as.
292 1185 346 1241 Sed
359 1199 468 1254 egresso
481 1184 631 1240 'ibeodosio
640 1185 674 1242 de
683 1187 762 1242 ltalia
773 1187 802 1242 et
813 1186 1046 1256 Constantinopoli
1058 1185 1221 1250 constituto,
1231 1186 1285 1241 Va·
1343 1214 1346 1219 ·

201 1263 351 1334 lentiniano
364 1263 488 1332 Augusto
503 1263 575 1316 intra
586 1264 686 1316 Gallias
696 1265 801 1331 posito,
813 1266 920 1319 directa
932 1265 1033 1335 legatio
1050 1268 1092 1320 est
1110 1265 1161 1319 sub
1173 1263 1284 1318 nominc

202 1344 314 1398 senatus
325 1356 342 1397 a
353 1341 515 1412 Symmacho
525 1342 593 1396 tunc
603 1340 735 1410 praelecto
750 1344 830 1396 Urbis
841 1343 875 1396 de
887 1345 1038 1413 repetenda
1050 1358 1098 1398 ιιι
1109 1343 1239 1398 Victoriae
1251 1344 1280 1397 et

202 1421 340 1476 sumtibus
354 1419 594 1475 ceremoniarum
607 1419 662 1475 Sed
676 1419 725 1474 ubi
737 1420 873 1490 comperit
887 1421 1034 1487 Sacerdos,
1049 1423 1133 1476 misso
1145 1421 1237 1476 libello
1248 1421 1287 1476 ad

202 1498 412 1569 imperatorem,
431 1499 583 1568 postulavit
599 1501 632 1554 ut
649 1499 686 1554 ad
702 1514 733 1554 se
749 1500 890 1555 relationis
902 1501 1070 1569 exemplaria
1080 1501 1285 1570 dirigerentur,

201 1581 304 1651 quibus
315 1579 374 1649 ipse
382 1590 434 1648 pro
442 1579 567 1650 partibus
576 1579 634 1633 suis
644 1592 828 1648 responsurus
839 1580 920 1636 esset.
932 1582 991 1650 Qua
1003 1581 1137 1636 relatione
1146 1581 1279 1649 accepta,

113 1710 116 1714 Δ
200 1658 443 1728 praeclarissimum
455 1657 580 1714 libellum
592 1658 772 1729 conscripsit,
783 1660 816 1714 ut
827 1662 922 1714 contra
937 1659 1006 1714 nibil
1018 1674 1149 1730 umquam
1166 1658 1283 1715 auderet

201 1737 382 1806 Symmachus
395 1735 443 1791 ιιι
455 1736 699 1807 eloquentissimus
719 1738 885 1806 respondere
904 1737 978 1792 :sed
994 1739 1139 1807 postquam
1157 1738 1287 1806 augustae

201 1813 341 1875 memoriae
353 1813 561 1871 Valentinianus
574 1814 602 1868 in
612 1815 761 1871 Viennensi
772 1816 884 1871 civitate
896 1813 908 1889 (
921 1830 984 1886 quae
996 1817 1038 1871 est
1048 1815 1197 1870 Galliarum
1207 1816 1280 1870 civi-

202 1891 263 1965 tas)
272 1894 358 1948 vitam
368 1891 473 1958 finivit,
484 1895 754 1963 Eugeniussuscepit
766 1895 926 1964 imperium,
940 1895 989 1965 qui
1001 1895 1050 1949 ubi
1065 1895 1201 1964 imperare
1217 1908 1280 1950 coe·
1318 1903 1330 1917 ·

201 1973 257 2044 pit,
274 1987 329 2028 non
344 1975 431 2028 multo
444 1975 522 2043 post,
538 1975 697 2049 petentibus
709 1975 837 2028 Flaviano
852 1974 919 2028 tunc
930 1973 1061 2044 praefecto
1082 1977 1111 2030 et
1128 1975 1284 2043 Arbogaste

173 2081 174 2084 ι
202 2052 319 2119 comite,
334 2067 411 2108 aram
425 2053 554 2108 Victoriae
572 2053 600 2109 et
611 2054 719 2108 sumtus
731 2052 973 2118 caeremoniarum,
987 2053 1061 2123 quod
1070 2053 1284 2108 Valentinianus

202 2132 328 2200 augustae
345 2131 485 2186 memorias
500 2131 613 2187 adhuc
605 2145 634 2185 ιιι
648 2132 807 2201 junioribus
826 2132 906 2186 annis
924 2132 1104 2245 constitutus,
1122 2132 1281 2200 petentibus

202 2209 402 2280 denegaverat,
415 2208 658 2265 oblitustideisnae
671 2212 815 2266 concessit.

204 2287 354 2344 antioc
368 2286 417 2344 ubi
435 2287 563 2358 cognovit
579 2287 727 2354 Sacerdos,
744 2287 877 2345 derelicta
891 2286 1005 2346 civitate
1021 2240 1232 2354 Mediolanensi,
1245 2287 1280 2343 ad
1337 2356 1341 2364 ἱ

200 2447 210 2464 ι
220 2391 287 2470 mittis
294 2430 414 2480 iuditium
424 2433 446 2469 ιι
455 2440 499 2470 non
512 2431 577 2472 ratio,
585 2429 622 2468 sed
636 2430 703 2469 animi
715 2433 777 2470 ιιιιιιι
788 2430 914 2469 sententiam
925 2429 982 2469 tert·
977 2456 983 2469 .
995 2430 1065 2476 legem
1077 2429 1203 2477 hujusmodi
1214 2429 1280 2467 veiim

199 2504 210 2522 ι
218 2489 305 2535 ancias,
313 2498 364 2537 quae
374 2488 487 2527 decretum
499 2487 590 2535 quodvis
597 2487 639 2525 irae
647 2488 842 2536 impetu,otiosum
856 2489 931 2526 redLat
942 2498 967 2526 ac
979 2485 1131 2534 superfluum:
1142 2487 1214 2534 capitis
1228 2496 1280 2525 vero

180 2576 183 2580 ,
200 2563 210 2579 ι
219 2547 329 2584 amentias
338 2546 372 2582 sei
381 2547 447 2583 exsilii
457 2545 546 2592 triginta
559 2544 601 2582 dies
609 2546 694 2593 scriptae
706 2549 819 2594 maneant,
830 2546 919 2584 rationis
927 2544 1037 2593 judicium
1049 2544 1186 2592 opperientes
1198 2544 1280 2585 Exactis

200 2617 209 2636 .
219 2605 291 2640 autern
301 2601 391 2648 triginta
398 2601 486 2647 diebus,
494 2601 534 2650 qni
543 2604 661 2638 exararunt
670 2602 754 2639 decreta
762 2602 814 2648 illa,
824 2602 898 2640 eadem
906 2601 1019 2640 exhibeant
1028 2612 1033 2639 ι
1043 2604 1064 2638 ιι
1073 2600 1186 2640 iracundia
1195 2601 1280 2638 mmdiu

199 2675 210 2692 ·
220 2659 328 2707 requieta,
336 2668 409 2697 secum
417 2659 459 2706 ipsa
469 2659 522 2696 ratio
530 2658 641 2706 iudicans,
649 2659 745 2706 priorem
754 2659 858 2706 expendat
870 2659 1013 2707 cognitionem
1019 2682 1025 2704 ,
1032 2657 1183 2705 examinetque
1195 2659 1279 2705 justane

198 2733 210 2751 ι
219 2717 256 2754 ilia
262 2717 300 2762 sit,
309 2726 335 2754 an
343 2726 401 2755 secam
409 2715 492 2755 babeat.
501 2714 611 2763 Siquidem
620 2725 685 2762 porro
694 2715 792 2764 iniquam
800 2716 905 2760 inveniat,
914 2718 1018 2765 discerpat
1026 2716 1114 2763 scripta,
1123 2717 1145 2751 et
1151 2716 1278 2752 sententiam

165 2786 168 2791 ¹
197 2790 208 2807 ι
218 2774 304 2812 irritam
313 2773 402 2812 roduin:
415 2774 530 2812 ananiam
540 2782 602 2821 aqna
611 2772 679 2811 tuerit
685 2798 693 2821 ,
700 2773 731 2812 ita
739 2777 837 2818 mannate
848 2781 888 2812 nec
899 2775 989 2823 triginta
1001 2773 1089 2812 dierum
1100 2781 1206 2810 nnmerm
1216 2771 1279 2810 tabc-

198 2847 208 2864 n
219 2831 305 2870 iactabit
316 2834 373 2869 recte
379 2831 481 2878 indicata.
490 2845 500 2863 ¹·

220 2889 395 2928 Admonitionem
403 2889 459 2928 banc
466 2889 583 2937 imperator
590 2888 649 2927 ultro
656 2887 778 2936 admittens,
785 2891 806 2926 et
812 2898 885 2926 seeum
894 2889 974 2936 optime
982 2887 1016 2936 agi
1026 2888 1066 2926 sibi
1076 2885 1215 2935 persuadens,
1224 2894 1278 2924 con-

197 2946 259 2988 tinuo
269 2948 329 2995 iussit
337 2949 406 2996 legem
413 2948 528 2996 perscribi,
536 2957 603 2994 quarn
612 2950 633 2984 ιι
643 2947 720 2984 titteris
726 2946 821 2993 proprias
830 2957 907 2984 manus
915 2951 984 2984 ratam
993 2957 1017 2985 ac
1026 2947 1114 2984 firmam
1122 2955 1163 2982 esse
1170 2945 1247 2982 voluit.

219 3005 293 3044 Risita
301 3003 372 3051 factis,
380 3005 443 3042 divus
456 3003 582 3042 Ambrosius
592 3003 728 3050 imperatoris
744 3003 858 3040 vinculum
871 3004 948 3042 solvit:
959 3005 1074 3052 imperator
1087 3006 1160 3040 autem
1171 3004 1243 3039 sumta
1253 3000 1276 3038 in

197 3065 304 3113 templum
314 3063 410 3103 intrandi
420 3062 511 3108 fiducia,
522 3071 567 3099 non
574 3065 638 3105 stans,
647 3060 749 3108 usquein
758 3072 829 3108 genua
838 3063 995 3110 procumbens,
1003 3063 1122 3100 Dominum
1132 3060 1261 3108 precabatur
1269 3061 1278 3090 ι

153 3141 155 3144 ·
197 3121 232 3161 nd
241 3121 266 3158 in
279 3121 349 3159 solum
364 3120 450 3158 nudum
465 3119 558 3166 dejectus
574 3120 877 3166 acprostratns,1)avidicam
891 3122 952 3158 iliam
967 3121 1036 3158 emisit
1047 3129 1134 3158 vocems
1146 3135 1156 3151 ιι
1167 3119 1277 3164 Adhaesit,

198 3180 317 3225 attrectans,
324 3175 690 3227 pavimentoanimamearvivitica
698 3177 1278 3217 mesccundnmverbnmtuum.»Eicrinesmanibus
1368 3193 1371 3197 ·

197 3236 316 3283 aeliens,et
328 3235 404 3273 taciem
413 3232 560 3278 contundens,
567 3235 588 3270 et
597 3233 689 3281 profusis
696 3233 1068 3284 iacrymisirripanspasimentum,
1076 3234 1161 3272 renim
1175 3234 1278 3283 consequi

196 3291 329 3340 properabat.

219 3348 331 3394 Postquam
343 3349 416 3384 autem
429 3345 456 3383 ad
467 3344 578 3384 offerenda
588 3355 653 3385 ιιιιιι
662 3357 742 3387 menses
755 3357 850 3387 munera
862 3348 944 3387 vocavit
957 3329 1055 3395 tempus,
1067 3357 1119 3386 cum
1132 3346 1216 3384 tleiibus
1231 3355 1274 3384 non

196 3405 268 3443 minus
277 3403 362 3451 copiosis
369 3412 471 3450 surgens,
477 3402 557 3450 gradus
565 3405 637 3442 altaris
644 3406 741 3444 scandit:
750 3406 856 3444 oblatione
866 3415 917 3443 vero
928 3408 1038 3453 porrecta.
1050 3405 1110 3442 intra
1119 3405 1234 3449 cancellos,
1249 3406 1274 3441 ut

195 3463 228 3500 illi
236 3462 367 3506 moriseni,
378 3460 460 3499 mansit.
469 3459 511 3498 Sed
520 3460 582 3499 nullo
592 3461 668 3508 modo,
678 3466 704 3500 ιιι
715 3463 763 3501 base
771 3463 914 3500 dissimularet
922 3487 929 3507 ,
941 3462 976 3500 abs
987 3472 1007 3500 se
1016 3462 1140 3510 impetravit
1150 3470 1207 3500 sacer
1218 3461 1275 3498 Am-

195 3518 291 3558 brosins:
300 3522 321 3556 at
328 3519 428 3556 locorum
437 3517 552 3555 discrimen
561 3517 625 3555 ilium
637 3519 766 3559 succurant
777 3521 876 3567 primum
888 3519 992 3567 quidem,
1004 3529 1058 3557 num
1073 3518 1127 3567 quid
1141 3519 1275 3566 postularet,

195 3577 346 3624 interrogabat.
357 3576 488 3624 Imperatore
497 3579 569 3614 antem
579 3577 920 3626 respondentc,participaiioncm
933 3577 1059 3616 divinorum
1068 3576 1222 3624 mysteriorum
1233 3585 1275 3615 seso

195 3634 325 3683 praestolari,
334 3634 460 3672 ministrum
469 3632 571 3673 adhibens
579 3636 756 3675 archidiaconum
769 3637 826 3674 clare
837 3636 942 3683 protessus
951 3638 980 3673 est
989 3646 998 3676 ι,
1005 3651 1015 3667 «ι
1025 3634 1146 3679 Interiora,
1155 3644 1168 3671 o
1178 3633 1274 3680 Impera·

196 3707 207 3724 ι·
216 3695 257 3743 tor,
265 3692 304 3729 nisi
314 3691 362 3729 unis
369 3691 512 3729 sacerdotibus
520 3701 564 3730 non
572 3696 621 3730 sunt
633 3692 738 3732 adeunda.
749 3693 856 3740 Egredere
867 3693 943 3740 igitur,
953 3695 974 3729 et
986 3692 1083 3730 eamdem
1095 3701 1147 3730 curn
1159 3690 1204 3728 aliis
1217 3689 1274 3728 laicis

195 3763 206 3780 ι
215 3749 325 3787 stationem
336 3757 410 3793 servas
421 3758 520 3797 purpura
532 3749 591 3786 enim
603 3751 674 3798 reges,
685 3759 823 3797 nequaquam
839 3759 890 3787 vero
902 3749 1019 3788 sacerdotes
1030 3750 1087 3787 iacit.
1101 3764 1111 3780 κ
1123 3749 1184 3786 lianc
1199 3750 1274 3784 autem

195 3803 378 3854 compellationem
386 3806 484 3844 similiter
492 3806 543 3844 boni
551 3808 664 3846 consulens
672 3807 805 3845 fidelissimus
813 3806 956 3852 Theodosius,
965 3811 1040 3846 contra
1051 3807 1145 3854 exposuit
1154 3814 1197 3842 non
1208 3807 1274 3842 teme-

196 3863 258 3901 ritate
267 3862 325 3900 intra
334 3863 463 3902 cancellosse
472 3864 603 3908 remansisse.
613 3874 692 3902 verum
705 3864 757 3912 quia
770 3863 953 3913 Constantinopoli
963 3865 1005 3904 hoc
1016 3865 1126 3904 didicerat.
1135 3863 1212 3901 Tantas
1224 3863 1272 3900 vir-

195 3921 247 3961 lttiia
258 3923 280 3958 et
290 3920 406 3969 imperator
417 3925 438 3959 et
450 3923 558 3970 episcopus
567 3923 616 3960 luce
628 3920 751 3969 fulgebant!
762 3921 869 3969 Equidem
884 3925 942 3960 enim
957 3926 1080 3969 utrumqne
1094 3920 1197 3962 admiror,
1211 3921 1271 3958 bunc

194 3977 291 4017 videlicet
300 3988 422 4026 generosam
430 3978 458 4018 ob
466 3979 595 4024 libertatem,
602 3979 668 4018 ilium
677 3988 729 4017 soro
733 3983 820 4028 propter
826 3978 912 4018 facilem
918 3980 1072 4020 obedientiam:
1082 3982 1102 4017 ιι
1110 3978 1176 4025 hujus
1182 3978 1270 4026 quidem

195 4037 265 4080 asiam
276 4035 393 4077 terrentem
401 4063 406 4085 ,
415 4037 473 4079 iliius
484 4035 611 4078 serotinam
622 4036 733 4076 sinceram.
744 4037 867 4084 (decerptam
879 4048 889 4076 ι
903 4037 946 4077 Vite
954 4036 971 4076 S,
983 4035 1094 4079 enti-osse,
1106 4039 1181 4074 anctore
1189 4035 1269 4084 greco)
