2752 4806
135 423 165 471 as
515 425 642 489 sirtori
664 424 836 471 Amnnoslr

136 507 241 554 marinos
258 505 311 554 tuto
337 505 447 552 subitura
471 507 585 567 remigio,
611 518 656 552 noc
683 505 734 564 ipso
744 506 875 566 querenda
888 496 1030 564 jncunditas
1044 507 1095 555 tuae
1105 493 1143 555 est
1153 515 1214 555 corr·

136 574 213 619 solum
225 571 318 631 ventis,
329 571 372 617 sed
385 571 458 619 etiam
470 572 585 621 lluctibus
604 584 658 619 cer·
681 574 800 620 scientiae.
812 573 868 622 ldeo
879 575 932 621 alt:
949 576 1007 623 Bibe
1018 590 1106 638 apuam
1120 578 1148 623 dc
1166 578 1213 624 iaia

135 640 217 686 tatura
239 639 364 698 processit.
383 638 432 686 Neo
455 651 504 686 non
527 639 553 685 et
575 640 659 685 laurus
682 644 787 699 aalma
803 645 830 689 dc
844 646 968 702 puteorum
986 647 1081 692 moram
1096 644 1210 704 fontibus.

136 717 262 766 assurgens
287 705 386 752 odorem
408 717 478 751 suum
501 705 570 752 dedit
586 717 659 750 narm—
682 708 788 754 Primum
800 709 909 755 omnium
919 709 1084 771 nibilgratias
1095 709 1213 757 ilorentls

135 785 208 833 quam
217 784 259 819 suo
268 771 384 818 exuenda
395 771 528 817 velamine.
536 772 659 817 Umbrosae
682 775 754 822 odore
770 775 837 823 vitis.
853 777 980 837 Siquidem
997 778 1106 826 de.llore
1125 789 1212 824 earnm

134 851 230 898 quoque
239 839 310 885 ilices
317 838 436 885 verticem
447 838 613 896 protulerunt,
623 839 660 882 ln·
681 856 768 890 succus
778 856 908 904 expressus
917 847 999 905 poculi
1011 859 1088 906 genus
1098 845 1212 905 conticit,

134 907 276 954 horrentem
305 918 400 954 comam
425 907 537 953 bibernis
563 919 659 966 quoque
682 912 746 969 quod
756 913 782 959 et
796 913 916 972 voluptati
928 915 953 960 et
967 914 1041 961 saluti
1052 914 1094 960 sit.
1112 912 1212 960 Deinde

133 976 286 1036 temporibus
308 977 450 1024 sewaturae.
469 976 520 1022 lloc
543 974 610 1022 enirn
633 977 659 1021 in
682 978 737 1035 quis
748 990 797 1025 non
813 979 918 1025 miretur
932 992 965 1025 ex
983 980 1049 1026 acini
1064 978 1164 1026 vinacio
1175 977 1212 1025 ri·

134 1045 238 1104 siugulis
255 1045 414 1105 privilegium
429 1045 516 1091 natura
534 1043 616 1091 tenuit
634 1044 659 1090 in
683 1047 731 1091 tem
740 1059 817 1106 usquo
826 1045 852 1092 iu
860 1047 954 1093 arboris
962 1060 1083 1094 summum
1092 1057 1212 1094 cacumen

133 1115 272 1172 reliquum,
290 1113 354 1171 quod
371 1113 416 1159 sub
435 1112 486 1159 ictu
504 1113 589 1159 mundi
608 1126 660 1159 sur·
683 1125 939 1173 prorumpere,quam
951 1115 1019 1161 velut
1034 1114 1139 1172 quodam
1157 1124 1212 1159 am·

133 1181 215 1239 gentis
226 1179 436 1237 accepitzctiude
448 1180 531 1225 manet
541 1192 584 1225 sua
596 1179 660 1226 ilici·
684 1180 758 1236 plexu
783 1180 864 1240 toret,
885 1183 911 1228 et
933 1179 1079 1240 quibusdam
1102 1179 1213 1227 brachiis

134 1248 182 1295 bus
202 1248 373 1308 praerogativa,
392 1248 474 1294 manet
492 1249 659 1307 cupressibus,
684 1249 754 1306 ligat,
770 1251 795 1296 et
807 1247 943 1296 circumdat
958 1248 1069 1309 lacertis,
1085 1249 1213 1308 pampinis

134 1318 163 1363 ut
181 1318 243 1363 nulli
266 1318 335 1363 venti
361 1327 402 1362 cas
420 1315 495 1362 crinis
512 1317 550 1363 sui
568 1317 659 1364 bonore
684 1318 769 1374 vestit,
781 1318 852 1366 sertis
863 1331 968 1365 uvarum
979 1317 1164 1375 coronattQuae
1181 1316 1212 1362 ad

133 1386 280 1446 despolient.
684 1385 1211 1446 irnllationemvltaenostraeprimumvivam

164 1453 424 1502 lasnnexeratante
435 1451 536 1499 lloribus
547 1453 659 1500 immixta
683 1452 767 1512 deligit
794 1455 916 1513 radicem,
938 1454 1027 1501 deinde
1049 1455 1107 1513 qula
1123 1452 1211 1500 natura

134 1524 241 1573 terrenis
251 1523 305 1569 sine
316 1521 393 1582 spinis
404 1533 470 1579 rosa,
482 1521 507 1568 et
521 1522 660 1581 pulcherri-
684 1521 800 1570 llexlbilis
817 1525 843 1570 et
854 1525 946 1570 caduca
957 1523 1007 1582 est,
1020 1522 1090 1582 quasi
1102 1521 1212 1569 brachiis

134 1606 188 1641 mus
206 1591 251 1638 llos
273 1592 326 1638 sine
344 1592 395 1638 ulla
413 1589 497 1637 frande
516 1591 634 1637 vernabat
651 1604 658 1637 ε
682 1591 843 1649 quibusdam,
854 1593 889 1638 ita
906 1593 931 1639 ot
942 1591 1073 1638 claviculis
1089 1588 1212 1650 quidquid

134 1663 218 1723 postea
228 1660 298 1720 spina
309 1659 385 1719 sepsit
396 1657 498 1717 gratiam
509 1658 588 1716 doris,
596 1659 659 1706 tam-
682 1660 888 1720 apprehenderit,
898 1661 1010 1721 stringit,
1021 1661 1109 1719 bisque
1121 1672 1148 1706 se
1160 1657 1212 1706 eri·

134 1742 209 1791 quam
236 1730 349 1776 bumanae
372 1729 501 1787 speculum
527 1727 659 1786 praeterens
682 1728 717 1786 glt
728 1728 753 1774 et
765 1728 864 1776 attollit.

133 1801 202 1857 alte,
210 1796 418 1858 quaesuavitatem
426 1795 602 1855 perfunctionis
610 1810 659 1845 suae
711 1795 750 1842 llo.
762 1796 839 1853 liujus
855 1797 893 1843 est
903 1795 990 1843 similis
1000 1795 1071 1855 plebs
1080 1792 1210 1854 ecclesie,

133 1865 246 1913 finitimis
263 1875 376 1910 curarum
394 1863 499 1910 stimulis
510 1874 574 1921 saepe
592 1875 659 1909 com·
682 1876 735 1921 quaa
749 1865 818 1911 velut
828 1865 933 1924 quadam
943 1864 1002 1910 lidei
1012 1863 1096 1909 radice
1112 1858 1218 1922 planta-⁹

134 1933 235 1993 punpat.
259 1931 355 1977 Vallata
380 1930 419 1976 est
443 1930 510 1976 enim
537 1929 658 1987 elegantia
682 1933 736 1988 tur,
754 1931 780 1977 et
796 1932 940 1991 reprimitur
956 1930 1104 1978 humilitatis
1122 1943 1210 1989 propa·

133 2000 192 2047 ritae
212 1999 319 2056 nostrae,
335 1998 361 2045 et
376 1996 523 2057 quibusoam
539 1996 659 2043 sollicitu-
681 1999 751 2057 gine,
762 1999 793 2048 de
807 2014 856 2061 qua
870 2001 955 2060 pulcre
966 2002 1001 2047 ait
1011 2000 1132 2059 Propheta
1145 2012 1153 2044 ε
1166 2000 1211 2048 Vi·

134 2066 233 2113 dinibus
249 2066 362 2124 obsepta,
380 2065 409 2111 ut
425 2061 525 2110 tristitia
542 2061 658 2119 adjuncta
682 2082 749 2114 neom
757 2083 788 2116 ee
795 2072 895 2130 AEpaplo
906 2069 1057 2126 transtulisti,
1065 2071 1087 2115 el
1097 2067 1213 2128 plantasii

133 2131 419 2192 elegantissimum
439 2129 606 2188 uuusquisque
616 2130 658 2175 aut
681 2138 768 2184 radices
777 2137 841 2197 ejas,
851 2141 873 2185 el
891 2139 982 2198 replesti
997 2141 1103 2184 arram.-
1119 2139 1211 2196 operuit

132 2201 255 2251 suavitate
263 2200 373 2258 rationis,
383 2198 425 2245 aut
434 2198 593 2257 prosperioris
603 2211 659 2246 cur-
682 2205 925 2265 meritasmeritas,
937 2209 959 2253 ei
967 2206 1063 2252 arbusta
1073 2203 1123 2262 ejas
1130 2205 1210 2252 cedros

133 2284 175 2320 sus
190 2269 342 2319 successibus
353 2267 501 2328 gratulatur,
517 2267 657 2313 meminisse
681 2275 748 2320 lici.-
767 2276 890 2322 exteniati
905 2275 1011 2334 palmites
1028 2273 1161 2332 musasque
1179 2274 1210 2321 ad
1252 2299 1255 2305 .

133 2341 212 2400 culpae
227 2352 284 2387 cum
302 2336 435 2394 convenit,
446 2347 491 2394 per
506 2347 578 2394 quam
588 2334 659 2381 nobis
682 2355 746 2389 inore
751 2373 759 2398 ‚
768 2344 789 2389 et
797 2343 906 2402 usquead
911 2343 999 2400 nornen
1004 2341 1143 2401 propapiacs
1151 2340 1209 2400 ejas.

133 2410 160 2457 in
168 2409 275 2468 paradisi
283 2405 426 2453 amaenitate
433 2403 658 2463 florentibusspinae
681 2410 709 2456 at
719 2422 764 2468 por
773 2411 867 2457 Esaiam
877 2408 930 2469 ipse
938 2409 1058 2456 Dominus
1067 2409 1165 2456 locutus
1173 2409 1210 2456 est

133 2478 235 2535 mentis,
245 2476 382 2532 animaeque
390 2473 472 2519 sentes
478 2472 534 2529 jure
543 2474 658 2519 condem·
680 2478 782 2526 dicens:
796 2480 871 2529 Vinea
880 2480 945 2536 facta
955 2481 988 2526 est
998 2480 1079 2525 dileclo
1090 2481 1115 2525 irs
1124 2473 1209 2536 corrice,⁸

132 2545 240 2593 nationis
254 2542 369 2603 adscripti
381 2541 446 2588 suut.
458 2541 568 2587 irrutiles
583 2541 658 2600 igitur
681 2549 705 2592 l'lt
712 2548 761 2594 loco
769 2548 851 2595 uberi:
860 2551 881 2595 et
890 2548 1016 2594 maceriam
1024 2548 1179 2605 circumdedi,
1188 2549 1211 2593 et

132 2612 314 2671 licet‚obomo‚
323 2610 365 2656 aut
376 2608 505 2668 splendore
513 2609 657 2668 nobilitatis,
680 2617 816 2675 circumfodi
831 2619 925 2663 maram
942 2614 1043 2671 sorceti,
1058 2618 1080 2662 et
1097 2616 1211 2674 aedificari

132 2681 176 2728 ant
189 2679 285 2737 fastigio
294 2677 436 2737 potestatis,
447 2676 491 2723 aut
505 2674 598 2736 fulgore
607 2678 658 2723 vlr-
681 2685 764 2730 ruffam
776 2687 801 2731 s„
811 2682 1208 2744 maroejm.01rcum‹12ditanim
1258 2724 1260 2728 ,

132 2749 314 2809 tutis',semper
328 2745 375 2792 tibi
389 2747 459 2805 spina
476 2746 589 2806 proxima
606 2748 656 2805 est,
681 2764 735 2798 eam
757 2752 826 2799 velut
849 2753 914 2800 vallo
937 2751 1043 2811 quodam
1067 2751 1208 2798 coelestium

132 2830 230 2876 semper
240 2813 657 2875 estsentis,semperinierioratua
680 2825 870 2880 praeceptorum
886 2824 912 2868 ot
922 2822 1067 2880 Angelorum
1086 2820 1208 2867 custodia.

131 2887 241 2946 respice,
259 2896 334 2943 suner
352 2883 435 2942 spinas
458 2883 592 2943 germinas,
610 2895 657 2929 nec
681 2889 875 2938 immittetenlm
886 2891 992 2950 Angelus
1006 2887 1145 2935 Dominam
1159 2889 1209 2936 cir-

132 2955 228 3014 pl'olixa
238 2953 316 3013 gratia
333 2950 432 2998 manet:
443 2951 514 2998 brevi
524 2952 658 3011 unusquis·
680 2959 749 3006 cuitu
763 2957 904 3006 timentium
916 2972 982 3006 eum.
992 2958 1076 3006 Posuit
1087 2959 1112 3005 in
1122 2959 1209 3006 Ecde-

131 3035 181 3082 que
191 3022 293 3069 decurso
303 3020 381 3069 aetatis
390 3019 450 3068 flore
460 3020 595 3068 marcessit.
680 3027 715 3072 sia
733 3027 802 3074 velut
819 3026 908 3074 turrim
925 3027 1093 3087 Apostolorum
1105 3027 1130 3074 et
1147 3027 1208 3074 Pro·

357 3122 426 3132 —-
680 3096 809 3154 pbetarum
825 3097 897 3156 atque
914 3097 1059 3155 Doctorum,
1071 3097 1115 3156 qni
1126 3096 1208 3144 solent

291 3189 416 3243 amun
429 3189 500 3240 '‘1¹-
680 3162 1209 3292 liailliililllliiililiilla

815 3266 823 3292 l

132 3305 340 3350 mumrnrsilmet
351 3313 403 3342 cum
410 3302 655 3351 sedulammpsraiur:
681 3313 733 3348 rum
751 3301 949 3358 molecumrum.
961 3302 1028 3348 Nihil
1047 3301 1114 3348 euim
1128 3302 1208 3362 magis

153 3371 193 3398 nec
202 3369 246 3397 non
255 3357 376 3420 exemplum
391 3358 436 3404 ejus
444 3358 504 3396 nobis
518 3358 545 3395 ad
553 3358 656 3396 imitatio-
680 3369 788 3416 mentam
811 3371 910 3429 onerat,
932 3382 1005 3430 quam
1026 3369 1099 3416 istius
1120 3368 1208 3416 mundi

152 3424 202 3451 '¹⁰¹¹'
212 3415 346 3462 ¹³⁸⁰¹²⁰¹¹¹¹¹¹¹⁸¹
680 3438 817 3486 sollicitudo
828 3442 853 3487 et
864 3439 985 3500 cupiditas
993 3439 1033 3484 vel
1041 3437 1155 3499 pecuniae
1166 3437 1208 3485 vel

159 3506 199 3555 aa.
210 3507 280 3554 Saura
288 3505 317 3553 ut
327 3505 418 3552 caduca
427 3504 475 3552 tibi
484 3505 581 3552 noveris
592 3517 657 3552 com·
679 3507 804 3564 potentie.
820 3506 889 3564 Quod
911 3506 956 3552 tibi
982 3504 1162 3552 demonstratur
1181 3505 1208 3553 in

131 3577 215 3623 munia
224 3587 277 3623 esse
287 3587 342 3621 cum
351 3574 465 3633 floribus,
473 3574 507 3620 ite
516 3575 589 3622 etlam
600 3574 655 3621 laeta
679 3573 822 3634 Evangelio,
834 3588 888 3621 cum
907 3573 981 3633 legis,
992 3573 1050 3632 quia
1060 3573 1104 3619 illa
1115 3572 1209 3622 mulier

131 3656 188 3691 cum
198 3642 304 3701 vitibus,
315 3643 404 3701 quibus
415 3641 545 3702 generatur
555 3643 654 3703 vinum,
679 3656 733 3701 quae
749 3643 855 3690 babebat
865 3642 978 3702 spiritum
989 3641 1152 3701 infirmitatis,
1168 3641 1209 3688 iu·

130 3723 179 3772 quo
188 3723 229 3756 cor
239 3710 346 3766 bominis
355 3709 500 3757 laetiocatur.
513 3712 590 3770 Atque
607 3712 655 3758 uti·
679 3711 767 3758 clinata
785 3712 850 3769 erat,
867 3713 895 3759 ut
905 3723 1001 3757 sursum
1016 3710 1141 3769 respicere
1156 3722 1208 3757 nou

130 3789 202 3834 nam,
218 3789 233 3824 o
248 3777 421 3836 bomo,bu1us
438 3778 536 3836 generis
552 3779 655 3825 imiteris
679 3778 767 3836 posset.
777 3779 880 3825 Curvata
897 3778 963 3825 enim
974 3777 1027 3824 erat
1040 3776 1123 3823 anima
1138 3776 1207 3836 eius,

131 3845 324 3904 exemplum‚ut
333 3846 385 3904 ipse
394 3845 440 3891 tibi
448 3845 558 3892 laetitiam
566 3847 655 3904 iucun-
678 3861 733 3906 quae
751 3846 915 3893 inclinabatur
930 3846 960 3892 ad
978 3848 1078 3893 terrena
1089 3857 1208 3905 compen·

131 3913 283 3972 ditatemque
301 3912 441 3960 fructifices.
453 3914 481 3960 ln
496 3913 521 3959 te
533 3914 584 3974 ipso
600 3927 655 3962 sua·
679 3917 732 3976 dia,
744 3916 768 3963 et
783 3915 908 3962 coelestem
921 3915 1024 3976 gratiam
1034 3925 1083 3961 non
1094 3912 1205 3962 videbat.

131 3983 194 4031 vitas
204 3982 253 4029 tuae
264 3980 347 4041 gratim
357 3982 407 4041 est,
419 3994 452 4029 ex
462 3982 486 4029 te
498 3983 603 4042 pullulat
610 4016 618 4042 ,
628 3985 653 4030 in
679 3983 798 4044 Respexit
823 3995 878 4030 earn
895 3984 979 4042 lesus,
1000 3983 1026 4029 et
1047 3980 1164 4041 νοωνίῐ,Ι
1181 3981 1207 4029 et

130 4049 157 4098 te
167 4050 265 4111 manet,
275 4049 342 4101 intus
352 4049 520 4124 tibilnest3id
531 4051 581 4113 est,
591 4052 618 4102 in
628 4053 652 4103 te
671 4053 760 4122 *statim
775 4053 865 4103 mulier
874 4063 949 4101 onera
966 4052 1064 4102 terrena
1081 4049 1206 4113 deposuit.
