2752 4806
153 399 182 446 li
542 403 666 447 silleri
685 401 858 447 ,lmnnnsll

152 483 181 529 ut
191 492 204 528 a
215 481 320 529 veritate
330 480 362 529 sit
370 479 548 543 derium)iliud
557 480 685 540 advertat,
711 483 774 529 ciem
785 482 823 531 sui
838 480 931 541 sipnnt3
941 480 976 529 ita
993 481 1069 529 elium
1086 481 1114 529 in
1123 482 1240 542 myricis,

152 549 211 608 quia
221 562 374 611 nequaqnam
384 549 438 597 lieri
447 551 542 611 potest,
550 553 579 600 nt
587 551 686 600 nonant
710 550 798 611 idest,
810 549 945 598 humilibus
955 549 1181 610 virgrdtistignram
1192 551 1238 598 im-

152 618 286 665 seminibus
301 619 402 666 utantur
414 620 528 667 universa
544 620 684 680 gignentia,
709 619 790 678 probae
800 618 941 667 calliditatis
951 617 1082 678 expressit.
1093 619 1238 667 sicutenim

151 687 194 734 aut
204 687 311 734 habeant
320 689 403 748 aliqua
419 701 474 748 qum
482 688 612 737 videantur
627 702 683 736 cum
708 686 802 748 duplici
812 688 885 736 corde
903 686 951 735 riri
962 687 1054 747 ubique
1067 688 1159 745 praesto
1167 689 1236 748 sunt,

152 756 244 804 virtute
265 758 386 805 seminum
401 759 533 806 convenire
549 772 556 805 ε
572 759 646 818 idque
662 759 682 806 si
708 754 1238 816 nigratiamsimplicitatemqueapndbonns

150 825 206 883 quis
216 825 347 886 diligenter
357 827 483 887 intendat,
491 827 621 875 manifesta
632 828 683 875 tes-
706 826 878 885 praetenduut,
890 825 916 873 et
930 825 1096 872 villosissimis
1109 824 1236 893 glutinan-

150 893 284 941 titicetione
292 896 384 955 poterit
393 895 681 955 comprehenderellibil
707 895 747 942 tur
754 909 760 941 ι
768 896 803 944 ila
813 895 888 943 etiam
899 895 924 942 et
935 894 962 940 in
972 893 1070 952 aquosis
1080 894 1144 940 etin
1154 893 1236 942 deser-

151 960 268 1009 videntur
276 964 378 1011 seminis
384 964 474 1011 babere
480 963 681 1024 salices3babent
706 962 738 1010 tis
755 963 988 1023 contrarioquodrm
1004 974 1051 1010 usu
1061 962 1115 1009 hec
1129 962 1236 1022 rutulis

150 1030 234 1078 tamen
244 1033 270 1078 iu
284 1031 350 1080 loliis
364 1046 466 1093 granum
481 1033 601 1093 quoddam
616 1035 681 1094 quod
705 1034 845 1080 nascuntur.
864 1032 934 1080 Unde
954 1031 980 1078 et
1001 1030 1140 1079 Hieremias
1160 1030 1237 1079 dubia

150 1096 680 1162 babeatvirtutemseminis,uteocommisso
705 1113 800 1148 morum
816 1101 889 1162 atque
909 1100 1032 1148 insincera
1050 1099 1151 1159 myricis
1169 1112 1238 1148 corn·

150 1168 238 1227 terris,
248 1170 373 1229 tamquam
383 1172 463 1231 posito
474 1170 557 1231 surgat
567 1172 639 1219 arbor
649 1172 679 1219 de
704 1170 808 1229 paravit.

151 1237 263 1294 surculo;
282 1237 308 1283 et
324 1240 448 1296 tamquam
473 1237 505 1284 de
532 1239 627 1286 semine
652 1253 679 1286 sc

152 1303 295 1351 exsuscitet.
307 1306 387 1351 Grano
398 1307 481 1365 itaque
492 1305 535 1353 illo
546 1307 618 1353 radix
628 1308 679 1366 pri-
853 1306 980 1358 CAPUT
992 1306 1092 1357 xvn.

151 1383 221 1418 mum
231 1372 346 1450 coalescit
357 1387 363 1419 ε
373 1373 404 1421 de
414 1375 498 1421 radice
515 1375 621 1434 pullulat
630 1388 678 1422 non
704 1403 812 1442 Surdrrare
820 1404 912 1442 humani
919 1404 989 1442 mm„
1001 1404 1122 1451 „mmm
1130 1402 1234 1442 w

152 1440 230 1487 solum
242 1441 337 1501 salicis,
349 1443 393 1488 sed
405 1443 480 1490 etlam
489 1443 640 1502 reliquarum
648 1444 678 1491 ad
726 1458 764 1496 nes
772 1458 936 1506 providenciam
945 1456 1041 1496 minimis
1050 1456 1233 1503 centemnunt

152 1507 340 1557 similitudinem
350 1509 489 1566 hujusmodi
500 1511 597 1570 generis
607 1513 678 1559 arbo-
725 1513 833 1560 precipue
848 1511 874 1549 (1⁰
889 1511 1004 1550 arboribus
1017 1520 1100 1559 emm
1113 1510 1235 1550 virentibus

151 1579 284 1626 rnmsilva.
293 1579 374 1626 Habet
384 1580 467 1626 antem
476 1581 501 1627 et
508 1579 597 1627 radicis
605 1593 678 1638 gene·
725 1569 745 1602 ⁰¹
754 1565 844 1602 ΝΜ
852 1565 992 1628 dllfercnrils,
1000 1567 1049 1628 ’Ψ
1060 1564 1087 1602 ‘¹⁰
1099 1564 1173 1614 ”¹¹³⁰
1186 1563 1232 1602 ’Μ’

151 1647 213 1694 ratio
222 1649 340 1696 virtutem
357 1648 472 1709 seminis3
483 1650 548 1697 unde
565 1651 677 1711 plerique
725 1621 820 1659 canore.
829 1630 853 1658 ³⁰
864 1620 910 1657 Μή
922 1629 963 1658 Μ
971 1618 1090 1659 meritur.

152 1728 181 1762 ea
198 1717 293 1765 satione
310 1718 490 1766 incrementum
515 1719 554 1767 sui
571 1721 678 1768 nemoris
733 1714 771 1761 ⁷0·
783 1713 930 1772 GERMINE,
946 1711 1041 1772 inquit,
1052 1714 1117 1759 *ma
1135 1711 1231 1761 ΜῙΜ

151 1787 326 1846 propagarunt.
703 1784 827 1838 virenter,
838 1782 864 1828 et
880 1781 962 1827 statim
975 1779 1042 1828 omni
1051 1781 1168 1838 surgente
1176 1793 1233 1840 ger·

181 1850 220 1897 or.
231 1853 316 1912 lllagne
325 1851 371 1900 liei
382 1851 461 1901 virtus
469 1853 496 1900 in
504 1853 617 1914 singulis.
628 1856 678 1902 Nec
703 1851 769 1897 mine
781 1849 846 1898 terra
855 1850 976 1909 completa
986 1851 1032 1897 est.
1043 1850 1074 1896 Et
1085 1850 1182 1897 bomini
1193 1850 1231 1898 di-

150 1917 255 1966 mlretnr
264 1921 353 1980 aliquis
368 1922 389 1968 si
403 1922 430 1968 in
440 1923 554 1982 virgultis
566 1936 678 1984 magnam
703 1920 783 1967 citur:
796 1921 869 1979 litlipe
885 1921 1003 1967 dominnm
1019 1922 1095 1966 Dcnrn
1110 1921 1178 1967 mnas
1186 1952 1195 1978 ,
1206 1922 1231 1967 et

149 1988 197 2034 Dei
207 1988 262 2037 dixi
272 2001 325 2038 esse
333 1991 458 2038 virtutem.
473 1991 600 2052 Siquidem
610 2005 678 2053 mag·
703 2000 751 2035 non
763 1988 801 2035 est
811 1988 899 2035 caritas
914 1987 961 2034 Dei
970 1987 1080 2034 omnium
1089 1987 1172 2035 inlusa
1181 1988 1231 2037 ris-

150 2067 206 2104 nam
213 2070 282 2105 suam
290 2059 407 2108 virtutem
415 2061 442 2108 in
449 2061 549 2108 locustis
555 2073 608 2109 esse
613 2062 678 2109 dixit
704 2057 808 2104 ceribus.
819 2056 933 2103 Surdiora
947 2056 1020 2104 corda
1030 2056 1163 2104 bominum
1174 2062 1229 2106 sunt

151 2125 177 2172 ot
194 2126 301 2188 brucho,
313 2130 419 2189 eoquod
434 2129 523 2177 divinae
544 2131 678 2188 mejestatis
702 2139 777 2186 quam
795 2125 856 2173 dura
873 2137 997 2172 saxorum·
1016 2127 1091 2171 Terra
1107 2124 1230 2174 indebitos

150 2193 240 2241 offensa
250 2208 338 2256 magno
359 2197 527 2244 moderamine
542 2198 678 2247 sterilitatis
703 2194 796 2242 fructus
806 2195 877 2242 nobis
887 2195 1023 2252 ministrat,
1035 2193 1094 2241 dum
1110 2194 1230 2242 01*chst

147 2262 255 2311 Judaicee
263 2263 337 2325 atque
347 2265 436 2325 inopiae
444 2266 677 2327 solvereturnagna
703 2265 744 2312 dat
759 2264 852 2312 auctori
862 2277 868 2310 ε
879 2277 923 2312 nos
935 2263 1046 2311 debitum
1055 2275 1146 2310 munus
1157 2274 1229 2324 nepa·

149 2330 216 2377 enim
221 2332 301 2380 virtus
306 2333 532 2392 patientiazmngna
540 2333 618 2382 virtus
623 2347 677 2395 pro-
703 2346 771 2393 mus,
782 2334 841 2381 dum
852 2346 899 2381 non
909 2344 1056 2381 reueramm
1064 2332 1201 2379 auctorem.

148 2399 269 2448 ridentia.
280 2401 378 2460 indigni
388 2400 678 2463 etenimerant,quiute·
733 2404 771 2449 ll.
784 2403 846 2450 Vide
864 2404 892 2449 in
902 2401 986 2462 parvis
1003 2412 1057 2460 quae
1074 2399 1229 2459 providentia
1252 2427 1253 2431 =

149 2467 235 2514 rentur
247 2468 407 2518 foecnnditate
419 2472 533 2530 terrena,
543 2473 587 2532 qui
598 2474 675 2520 terra-
702 2471 784 2520 sitDei
794 2483 800 2517 ε
811 2473 836 2519 et
845 2471 904 2532 quin
911 2468 1119 2528 comprehendere
1128 2481 1179 2514 non
1188 2480 1230 2529 pe·

150 2543 208 2579 rum
215 2534 328 2583 laeserant
346 2537 490 2584 creatorem.
500 2539 530 2584 nt
540 2551 599 2585 vere
608 2552 677 2599 mag·
702 2536 1229 2600 tes,mirarequomodoaliasemperttoren

151 2612 210 2659 nus,
229 2603 272 2660 qni
283 2604 419 2651 miserabili
431 2605 498 2652 lame
515 2605 586 2652 netas
601 2607 676 2655 tantm
702 2611 736 2656 tia
754 2609 933 2665 reservaverit,
950 2607 999 2653 alia
1017 2607 1169 2654 mutationes
1185 2607 1228 2654 hs-

151 2669 285 2729 impietatis
295 2672 432 2720 ulciscitur.
451 2675 537 2734 ltaque
552 2675 573 2722 si
588 2688 675 2736 magna
701 2679 760 2726 bere
772 2677 883 2726 noluerit
900 2674 1088 2736 exspoliationis
1107 2675 1134 2722 et
1153 2676 1229 2724 anric-

149 2737 241 2786 virtute
261 2740 308 2787 Dei
329 2741 441 2789 sterilem
461 2742 591 2801 bruchum,
609 2744 675 2791 terra
701 2747 748 2794 tus.
760 2747 827 2793 inter
843 2756 904 2791 cana
920 2745 1030 2802 nivium,
1041 2742 1144 2803 pruinas
1154 2742 1228 2802 iripo-

148 2806 675 2873 gencrarit,qnantomagisvirtutemagna,
700 2813 1226 2875 rnm,ririditatemsnamarvaconserraut:

148 2887 203 2934 quae
214 2874 329 2924 ioecnnda
340 2879 409 2938 sunt,
424 2879 553 2938 procreat?
701 2884 726 2930 et
742 2884 861 2943 cumipse
875 2882 940 2928 tecla
951 2881 1000 2928 sint
1011 2881 1083 2940 gelu,
1095 2881 1181 2940 partus
1191 2882 1228 2928 sui

177 2942 216 2990 68.
226 2945 288 3002 Quis
304 2945 404 3004 pineam
418 2947 507 2994 videns
519 2960 568 2994 non
578 2948 675 3009 stupeat
701 2951 854 2999 lamenband
860 2951 974 3010 exiguam
983 2949 1090 3009 speciem
1096 2949 1229 2996 viriditatis

147 3012 240 3058 tantam
249 3013 334 3061 divino
341 3015 464 3074 praeeepto
475 3017 553 3062 artem
563 3018 674 3065 inolitam
700 3018 828 3066 obtexunt.
838 3018 866 3064 in
876 3017 937 3077 ipsis
944 3029 1041 3076 quoque
1049 3015 1228 3074 generibusan

147 3079 341 3140 impressamque
350 3084 443 3129 nuturae
455 3084 674 3142 :quemadmodum
700 3087 799 3144 borum,
818 3100 873 3145 quas
890 3087 1012 3134 diutnmis
1028 3085 1157 3132 frondibus
1172 3097 1228 3133 ves·

148 3147 179 3193 ab
190 3149 243 3208 ipso
252 3151 337 3198 centro
347 3151 496 3199 distantibus
506 3151 566 3199 licet
575 3166 674 3201 mensu·
699 3155 809 3212 tinntur,
827 3164 878 3199 non
896 3152 1028 3199 mediocris
1042 3152 1161 3199 distantia
1182 3153 1227 3200 est.

147 3216 182 3265 ris
192 3217 245 3277 pari
264 3221 374 3278 assurgat
388 3220 496 3279 glutino,
507 3232 556 3280 quo
564 3223 674 3281 proprios
700 3222 785 3270 Servat
796 3220 967 3268 indumentum
977 3233 1048 3268 suum
1056 3233 1155 3280 semper
1165 3222 1227 3279 olea,

147 3285 216 3334 toret
238 3285 347 3334 fructus?
366 3289 452 3348 ltaque
475 3299 521 3347 per
544 3288 674 3336 circuitum
699 3293 740 3339 vel
758 3290 843 3350 pinus,
863 3289 907 3336 sed
922 3289 1007 3336 tamen
1024 3289 1084 3336 lolia
1101 3301 1146 3338 sun
1164 3302 1228 3350 saepe

148 3353 234 3403 eadem
243 3356 339 3416 species
350 3357 376 3404 et
386 3357 444 3403 ordo
455 3357 575 3416 servatur,
584 3357 610 3405 et
619 3359 674 3417 qni·
700 3359 915 3417 commntant3nec
925 3368 954 3404 ea
964 3359 1034 3417 qnasi
1043 3359 1162 3406 diuturna
1169 3391 1177 3418 ,
1185 3358 1229 3407 sed

147 3424 204 3472 darn
211 3425 238 3474 in
246 3425 348 3488 singulis
355 3426 431 3486 plagis
438 3425 580 3473 nucleorum
590 3429 674 3486 partus
699 3427 768 3488 quasi
779 3428 929 3476 succedanea
938 3427 1148 3487 praetenduutsnae
1159 3428 1230 3475 arbo-

148 3495 281 3554 exuberat,
292 3496 366 3556 atquc
374 3496 400 3543 in
408 3496 493 3543 orbem
503 3494 569 3542 redit
579 3494 674 3544 tructus
699 3499 732 3544 ris
749 3496 925 3556 pulcritudini,
949 3496 1063 3555 perpetui
1083 3495 1227 3554 integritate

148 3562 173 3610 ct
183 3564 359 3623 gratiaitaqne
369 3565 476 3624 inpinea
486 3563 532 3610 ista
541 3563 673 3624 imaginem
699 3566 803 3614 restitus
824 3565 881 3613 rice
907 3564 1017 3612 muneris
1044 3565 1227 3614 obumbrantes.

148 3630 186 3676 sui
200 3631 288 3677 natura
304 3632 404 3680 videtur
421 3633 576 3692 exprimere,
588 3646 642 3692 qum
659 3645 673 3678 a
699 3635 780 3680 Palma
790 3633 873 3680 autem
883 3631 1160 3693 rirenssempermanet
1170 3644 1228 3681 con·

925 1236 1028 1251 m

148 3697 227 3757 primo
243 3698 285 3745 illo
296 3698 380 3746 divino
399 3700 542 3759 coelestique
560 3701 674 3748 mandato
699 3701 836 3749 servatione
848 3700 874 3747 ct
883 3700 1060 3760 diuturnitate,
1077 3701 1229 3749 nonimmn·

148 3764 278 3824 privilegia
294 3764 395 3824 accepta
412 3766 533 3823 custodit,
549 3766 574 3813 et
588 3769 673 3825 partus
699 3771 790 3818 tatione
808 3769 930 3816 loliorum.
942 3771 1067 3830 Numquae
1080 3770 1161 3831 primo
1172 3782 1227 3829 ger-

148 3831 318 3891 sunsqnedem
336 3844 455 3879 annorum
473 3833 528 3878 vice
545 3834 571 3880 et
587 3834 673 3882 ordine
699 3837 830 3886 minaverit
839 3837 897 3884 tolia
903 3850 949 3895 ,en
956 3838 1008 3885 sine
1015 3840 1066 3885 ulla
1074 3838 1229 3887 substitutio-

148 3901 238 3959 refert,
255 3900 333 3948 donec
357 3900 531 3947 consummatio
557 3901 674 3960 temporis
699 3907 737 3952 nis
748 3907 900 3954 successione
912 3906 1046 3954 conservat.
1059 3905 1158 3954 lmitare
1170 3918 1227 3964 ergo

148 3970 288 4030 impleatur.
700 3976 875 4035 eorumbene,
883 3976 911 4023 ut
918 3975 1014 4022 dicatur
1022 3975 1048 4022 et
1055 3974 1102 4022 tibi
1113 3988 1119 4021 ε
1129 3976 1227 4023 Slntnrn

178 4039 216 4088 oe.
228 4040 276 4088 Sed
286 4040 314 4088 ut
323 4040 349 4087 in
367 4041 412 4087 lroc
421 4039 503 4087 fructu
514 4039 606 4099 gratam
618 4051 673 4099 spe·
700 4047 741 4090 lnn
751 4046 832 4094 similis
842 4045 905 4103 sacto
916 4047 948 4093 cst
956 4047 1050 4105 pmmae.
1071 4043 1147 4092 Serra
1165 4043 1229 4092 viri-
