2752 4806
145 397 190 445 tsi
350 390 352 395 '
543 401 663 444 sanent
679 400 839 445 nrrnnosu

143 483 242 542 adipem
256 493 387 540 agnorum,
400 481 425 528 et
436 481 580 540 sarrguinem
596 482 677 528 tauro·
704 482 778 528 altare
787 484 832 529 Dei
840 483 900 538 laet,
912 481 942 528 ad
950 483 1025 527 Deera
1037 480 1079 540 qai
1087 481 1191 539 letificat
1201 481 1238 536 irt-

143 563 199 600 rum
211 552 236 598 et
247 550 373 596 hircorum
383 550 453 607 nolo,
465 561 511 596 nee
522 550 557 596 sic
568 550 676 596 veniatis
703 553 816 597 ecalalem
825 563 916 608 meam‚·
926 549 1005 609 utqui
1016 561 1091 607 supra
1101 562 1126 596 sc
1140 549 1237 596 invete-

143 611 170 667 i‘a
181 619 339 678 conspectum
348 629 440 664 meum.
453 617 483 664 m
493 617 579 676 ulique
590 630 604 664 a
615 617 678 665 toelu
703 630 769 664 rasse
781 619 846 664 inter
857 617 970 665 inimicos
981 631 1037 665 suos
1048 617 1165 674 dixerat,
1175 619 1203 665 ut
1214 618 1238 664 in

144 698 260 747 pecorum
276 686 400 734 obtulerat
410 685 471 732 Abel
483 685 630 732 sacrificium
649 686 676 732 in
702 689 772 734 sexto
784 687 889 746 legimus
899 686 1006 746 psalmo,
1018 687 1060 733 bic
1073 688 1108 732 ait
1117 687 1236 745 juventu·

144 769 192 815 quo
211 755 338 814 placuerat
359 755 411 801 Deo
430 768 436 800 ε
453 753 497 800 sed
517 755 606 814 typum
627 767 675 801 non
702 755 753 801 tem
777 755 824 801 sibi
843 767 875 800 ex
905 755 1045 801 inveterata
1073 754 1237 812 prolapsionis

143 824 297 884 requirebat,
318 824 361 883 qui
383 823 542 882 exspectabat
562 822 675 870 sacrificii
700 823 815 869 humanae
823 823 950 870 senectute
960 822 1112 869 renovatam.
1124 824 1237 870 Renova-

142 893 282 940 verilatem.
299 892 490 951 Exspectabatur
509 891 575 938 enim
595 891 675 950 passio
701 904 756 937 mur
767 892 834 938 enim
843 905 889 951 per
899 891 992 938 lavacri
1000 893 1234 949 regenerationem:

142 961 241 1009 Domini
249 960 433 1022 salutarisQais
442 963 504 1006 caim
509 992 518 1017 ,
530 959 621 1018 inquit,
629 961 675 1008 ista
699 972 848 1007 renovamur
863 972 908 1018 per
923 960 1028 1020 Spiritus
1044 961 1124 1006 sancti
1139 961 1236 1008 effusio-

142 1032 259 1090 rcquisieit
269 1033 296 1077 de
307 1029 415 1076 monibus
425 1028 523 1077 vestris?
532 1029 628 1076 Calcare
636 1043 674 1076 re·
700 1042 756 1076 nem
767 1029 958 1077 :renovabimur
966 1029 1041 1075 etiam
1053 1042 1100 1088 per
1109 1042 1235 1079 resurrec-

142 1101 206 1160 aiam
227 1112 304 1147 eneam
325 1111 372 1144 aaa
393 1099 520 1157 apponetis.
536 1097 565 1143 iit
586 1096 672 1143 inira:
699 1099 806 1157 tionem,
825 1099 889 1145 sicul
903 1098 929 1143 in
953 1097 1136 1156 posterioribus
1149 1100 1231 1148 dteilr

142 1171 203 1217 Cam
213 1170 361 1216 eoelmderilis
372 1181 457 1214 aeonas
467 1169 497 1214 ad
507 1181 558 1224 me,
569 1170 673 1214 mertam
698 1167 854 1214 fleaoaobilar
874 1168 932 1214 sicel
952 1168 1037 1226 aquiiae
1053 1168 1169 1225 juventus
1186 1171 1233 1216 loa.

142 1238 225 1296 faeiem
244 1250 321 1283 meam
340 1250 356 1283 a
372 1237 464 1283 vobis...
484 1237 528 1283 Sed
546 1237 671 1292 lavamini,
697 1235 822 1292 Quomodo
839 1246 1000 1292 renovemur,
1013 1233 1073 1280 audi
1088 1236 1232 1295 eAaspeepu

140 1308 224 1354 mundi
230 1309 312 1362 estole,
322 1306 412 1365 auferte
423 1305 539 1352 malitiam
548 1305 577 1352 ab
586 1307 672 1352 animis
697 1318 733 1350 ine
751 1305 861 1364 hyssopo,
880 1308 902 1351 el
912 1304 1045 1351 aeandobor
1056 1319 1065 1350 .·
1076 1305 1170 1352 locabis
1186 1320 1232 1363 me,

141 1378 231 1422 vestris.
240 1377 344 1422 Iudicate
350 1376 452 1435 pupillo,
466 1377 487 1422 et
499 1374 623 1434 justificate
636 1377 672 1422 or'-
697 1375 718 1419 et
726 1387 794 1432 sepner
802 1375 876 1420 nivem
885 1373 1018 1420 dealbabor.
1028 1373 1059 1418 at
1067 1372 1092 1417 in
1102 1374 1176 1418 Esaia
1184 1374 1231 1420 ait:

140 1445 226 1500 cluant,
236 1446 257 1489 et
265 1445 352 1498 venile,
361 1444 516 1502 disputemus,
526 1445 581 1490 dicit
588 1445 671 1489 Domi-
697 1443 722 1487 Si
733 1443 821 1499 suerint
837 1444 933 1500 peccata
944 1444 1019 1488 cestra
1030 1445 1058 1488 ul
1075 1441 1216 1500 plloeaiciam
1222 1474 1231 1500 ,

139 1525 193 1560 reas.
205 1511 285 1558 Claret
300 1510 375 1569 igitur
386 1511 451 1569 quod
463 1512 488 1556 et
499 1511 557 1556 ante
568 1523 670 1558 aversus
696 1513 721 1555 al
729 1514 802 1556 aloem
812 1510 932 1556 dealbabo.
942 1509 1018 1556 Recte
1028 1514 1230 1571 renovatur,qui

140 1580 173 1628 sit
195 1579 313 1626 Dominus
330 1591 343 1624 a
361 1577 488 1624 sacrifieiis
504 1577 624 1637 bominis,
644 1581 669 1625 et
696 1577 726 1624 de
737 1579 846 1626 tenebris
857 1579 1012 1638 peccatorum
1024 1579 1050 1624 in
1061 1580 1230 1628 lucemvirlu·

140 1649 225 1708 postea
247 1647 433 1703 reconciliatus,
453 1645 482 1692 ut
500 1646 624 1705 respicere
643 1646 669 1692 in
695 1648 747 1692 tum
760 1649 869 1694 molatur
888 1650 913 1695 et
924 1649 1047 1706 gratiam:
1067 1651 1094 1694 ut
1111 1650 1156 1707 qui
1170 1651 1230 1696 tetra

139 1717 221 1764 nostra
237 1715 354 1762 sacrificia
366 1714 515 1773 dignaretur.
694 1717 762 1774 prius
773 1717 913 1763 colluvione
925 1717 1053 1776 sordebat,
1062 1730 1139 1776 supra
1149 1718 1229 1765 nivem

170 1783 209 1830 511.
222 1785 278 1831 ideo
290 1796 347 1842 ergo
363 1796 463 1829 securus
475 1783 563 1840 intrat,
580 1783 622 1842 qui
638 1785 669 1830 ad
693 1784 787 1831 albenti
799 1785 874 1832 nirnis
885 1785 979 1844 fulgore
990 1786 1163 1845 resplendeat.

138 1852 237 1898 Domini
254 1851 391 1910 ingreditur
406 1850 607 1897 misericordiam.
619 1850 668 1896 De-
913 1884 999 1896 ..-

138 1921 214 1979 nique
225 1921 287 1967 bauo
299 1930 369 1966 servo
380 1919 486 1965 dicitur:
496 1920 563 1965 [alra
575 1921 598 1972 ia
609 1933 668 1978 qaa·
871 1931 997 1985 CAPUT
1008 1932 1047 1981 X.

138 1992 203 2036 dmm
217 1991 304 2067 (¹⁰,mfm
323 1992 364 2035 ω’·
376 1989 414 2068 De,
431 2000 501 2068 ⁸qu
522 1991 604 2067 ΨΜ
623 2001 667 2034 ne'
693 2021 726 2059 Ob
735 2024 844 2070 superiora
857 2023 959 2060 beneficia
970 2024 1088 2071 pollicetur
1101 2025 1174 2063 David
1186 2027 1226 2066 Dco

138 2072 212 2118 quarn
227 2058 335 2104 dieitur:
354 2058 434 2104 Tollite
445 2058 511 2103 illum
527 2070 551 2101 m
563 2058 667 2105 tenebras
714 2087 734 2113 se
752 2078 900 2114 confessurum
912 2079 935 2113 ῃ,
951 2077 1034 2114 eppa„
1047 2089 1052 2114 :
1064 2089 1110 2125 qua
1121 2082 1227 2118 occasione

138 2130 271 2174 exteriores,
284 2126 342 2172 Ideo
353 2126 379 2172 et
390 2126 464 2171 Adam
476 2124 571 2182 ejectus
582 2125 612 2171 de
623 2138 666 2184 pa·
714 2139 824 2176 quaecum
838 2131 920 2168 cithara
933 2131 1018 2177 corpori
1029 2135 1104 2169 nostro
1119 2135 1146 2170 sit
1159 2135 1226 2170 affirm

137 2197 186 2245 tria
194 2195 287 2242 coelesfi
299 2195 324 2241 ot
333 2194 375 2240 illa
384 2193 441 2240 sede
451 2193 576 2252 paradisi,
590 2194 616 2238 in
628 2194 666 2240 jn,
714 2186 757 2228 las,
765 2185 863 2245 cinqualis
871 2183 926 2220 iilud
935 2194 997 2220 sonus
1007 2183 1089 2231 deceat,
1101 2187 1224 2236 explicatur.

137 2266 215 2312 sulam
227 2263 323 2322 peccati
332 2262 369 2308 est
379 2262 511 2319 relegatus.
521 2263 596 2308 Recte
609 2276 665 2322 ergo
720 2261 759 2308 56.
779 2263 909 2320 Confitebor
932 2263 973 2310 libi
990 2265 1015 2309 in
1034 2264 1147 2323 cithara,
1166 2271 1226 2316 Deru

138 2333 198 2380 dicit
220 2333 346 2390 Scriptura
366 2344 373 2375 t
396 2332 552 2377 Renoeamtni
575 2333 664 2378 imaloe.
690 2345 763 2379 meas.
774 2331 854 2377 Habet
865 2331 984 2378 citharam
993 2344 1063 2378 suam
1075 2336 1162 2381 anima
1173 2350 1224 2384 nos·

136 2403 200 2459 Quia
209 2401 365 2461 peccatorum
374 2398 499 2458 fluetibus,
508 2399 571 2446 sicut
579 2400 665 2446 insula
690 2399 736 2446 tra.
746 2401 829 2460 Neque
842 2400 907 2446 enirn
918 2401 1012 2447 diceret
1024 2402 1118 2448 Paulus
1129 2416 1136 2448 z
1149 2406 1225 2452 Oraba

137 2473 161 2516 in
181 2471 251 2516 istius
267 2469 351 2515 mundi
368 2467 430 2514 treta
449 2468 663 2515 circumvenimur.
690 2470 785 2527 spiritu,
798 2470 870 2515 orabo
881 2473 903 2516 el
916 2471 1122 2528 mealespsallam
1133 2477 1224 2531 spirita,

136 2540 190 2585 lstae
202 2549 259 2595 ergo
271 2537 356 2583 insula.¹
367 2548 412 2594 per
422 2535 554 2581 adventum
567 2537 664 2583 Domini
689 2538 787 2594 psallam
796 2541 817 2583 el
825 2539 968 2594 mente,nisi
978 2539 1083 2585 baberet
1091 2541 1223 2601 citharam,

136 2608 292 2667 peccatorum
308 2604 452 2650 remissione
464 2607 587 2650 renovatae
599 2608 664 2665 sunt,
689 2616 742 2660 quae
758 2605 852 2663 plectro
868 2607 944 2653 sancti
957 2607 1063 2665 Spiritus
1080 2611 1222 2656 resultaret.

136 2676 160 2723 id
172 2676 222 2732 est,
234 2673 345 2719 homines
356 2672 381 2717 in
393 2672 502 2728 lavacro,
513 2672 589 2718 medii
601 2673 664 2720 inter
683 2673 787 2733 ,Cithara
798 2676 835 2720 est
843 2687 898 2720 caro
907 2677 1003 2733 nostro,
1013 2677 1114 2734 quando
1124 2680 1223 2737 peccato

135 2756 210 2804 :arquos
226 2742 295 2802 quasi
314 2741 399 2787 insulae
417 2740 558 2799 constituti,
575 2741 664 2787 tunde·
689 2741 806 2800 moritur,
827 2744 856 2789 ut
877 2745 925 2789 Deo
944 2745 1011 2790 vivat
1031 2758 1037 2789 :
1057 2746 1154 2792 cithara
1172 2749 1220 2806 est,

133 2813 224 2861 bantur
233 2810 353 2857 undarum
365 2809 470 2855 molibus
481 2809 546 2855 sient
562 2809 662 2870 insulae,
689 2811 784 2868 quando
793 2813 960 2870 septilormem
968 2813 1057 2872 accipit
1065 2815 1187 2873 Spiritum
1198 2818 1221 2863 in

134 2880 227 2928 serioris
237 2881 393 2938 peccatorum
408 2877 570 2923 relidentibus
582 2877 663 2924 ilucti-
691 2879 839 2938 baptismatis
855 2884 1017 2927 sacramento.
1028 2884 1139 2931 Testudo
1155 2870 1229 2931 eninr'

134 2953 181 2997 bus
195 2948 259 2995 sicut
270 2947 370 3005 insulae,
381 2946 407 2992 in
423 2945 513 3005 quibus
525 2946 581 2992 ante
594 2948 663 2994 velut
688 2945 745 2991 dum
758 2947 833 3005 vivit,
851 2950 902 2995 luto
913 2943 1049 3009 mergitur:
1061 2953 1107 2998 ubi
1126 2955 1219 3000 mortuo

134 3016 246 3063 iraudum
255 3014 361 3072 scopulis
370 3015 439 3060 erant
447 3014 599 3072 simplicibus
609 3027 663 3061 cre·
688 3013 774 3074 tuerit,
792 3018 892 3076 tegmen
914 3019 967 3075 ejus
985 3021 1084 3078 aptatur
1104 3022 1130 3066 in
1149 3036 1218 3070 usum

133 3086 176 3132 bra
185 3082 325 3138 rrauiragia3
335 3081 392 3139 quia
401 3080 470 3126 dolus
481 3082 533 3126 erat
544 3081 570 3126 tn
580 3082 661 3141 corde,
687 3084 805 3145 canendi,
818 3088 844 3133 et
854 3088 900 3146 piae
911 3089 1013 3146 gratiam
1025 3089 1180 3150 disciplinae3
1192 3097 1218 3140 ui

132 3157 160 3202 in
176 3165 217 3198 ore
232 3149 368 3196 blanditiae.
379 3149 410 3194 m
425 3161 483 3195 vero
494 3150 577 3206 postea
589 3162 660 3208 quarn
687 3155 780 3210 septem
793 3168 879 3202 vocum
890 3156 1032 3202 discrimina
1044 3161 1156 3207 nurneris
1167 3175 1218 3207 mo.

131 3222 251 3270 Dominus
267 3219 337 3264 lesus
356 3218 382 3263 in
401 3216 531 3276 quodolus
548 3219 660 3276 nonest,
686 3222 828 3270 <tutantibus
851 3224 1002 3283 obloquatur.
1022 3226 1145 3273 Similiter
1164 3242 1217 3276 caro

132 3290 265 3340 adveniens
284 3287 309 3332 in
329 3286 394 3333 lrunc
410 3286 543 3343 mundum,
555 3288 660 3335 coelestis
686 3292 781 3349 nostra,
792 3292 812 3337 si
824 3295 892 3340 vivat
903 3293 1028 3340 illecebris
1039 3299 1217 3357 corporalibus,

132 3357 285 3419 expositione
301 3354 417 3401 doctrinae
432 3355 594 3402 humanarum
607 3369 659 3414 pro·
686 3358 711 3403 in
722 3360 825 3418 quodam
839 3373 908 3406 coeno
926 3361 989 3407 vivit
1001 3362 1026 3407 et
1037 3366 1157 3422 voragine
1175 3379 1216 3413 ve-

132 3428 208 3475 lunda
219 3425 339 3472 mentium
351 3425 486 3481 serenavit,
499 3425 524 3472 et
539 3426 660 3484 tranquil·
684 3428 815 3485 luptatum.
835 3429 859 3474 Si
872 3430 978 3476 luxuriae
997 3432 1120 3478 moriatur
1142 3433 1217 3494 atque

131 3499 226 3545 litatem
244 3493 336 3541 retudit
352 3494 481 3540 aflectibus
492 3493 658 3552 singulorum,
684 3494 882 3554 incontinentiae,
892 3499 950 3543 tunc
961 3510 1045 3544 veram
1056 3500 1136 3545 vitam
1148 3515 1215 3549 resu-

130 3565 245 3613 auierens
262 3575 345 3622 sepem
360 3562 498 3621 discordiae,
510 3563 580 3621 quasi
592 3577 658 3621 quae-
684 3565 740 3622 mil,
753 3566 811 3611 lunc
830 3567 903 3612 edere
921 3567 1009 3624 incipit
1020 3566 1140 3614 bonorum
1156 3583 1215 3629 ope-

132 3635 188 3680 dam
202 3633 317 3690 portuum
333 3643 429 3690 clepere
441 3630 657 3690 appropinquanti·
683 3646 737 3678 rum
757 3634 827 3681 dulce
847 3635 1011 3682 modulamen.
1031 3636 1119 3682 Dulcis
1140 3650 1216 3686 sonus

130 3703 176 3750 bus
188 3712 240 3745 esse
255 3699 379 3757 suffragia3
395 3701 423 3746 ut
434 3700 603 3758 unusquisque
614 3713 658 3745 na·
683 3703 720 3748 est
728 3703 891 3749 castimoniae:
901 3704 979 3750 dulcis
988 3717 1060 3751 soiius
1070 3706 1214 3754 timentium

106 3819 108 3822 ,
129 3770 224 3829 vigiam
248 3779 297 3812 suae
322 3768 411 3823 quietis
434 3770 461 3812 in
484 3769 591 3827 proximi
615 3772 657 3817 aut
682 3771 1216 3831 Deum:denique,iaomaemterromexi·

130 3838 213 3887 fratris
225 3834 355 3883 constituat
371 3836 472 3895 atiectu,
484 3840 509 3883 et
520 3837 545 3882 in
560 3850 656 3885 secessu
682 3841 712 3885 eil
727 3853 796 3886 sonas
808 3854 888 3886 comem
903 3857 911 3887 .·
924 3840 1002 3886 dulcis
1014 3854 1088 3890 serius
1105 3845 1214 3892 eslndei

130 3907 234 3970 quodam
246 3904 296 3965 'piae
308 3904 397 3949 mentis
412 3903 504 3951 baereat
515 3907 624 3953 littorali.
680 3921 735 3967 quae
751 3909 921 3968 annuntiatur,
937 3910 965 3956 ut
979 3911 1099 3970 scriptum
1117 3914 1170 3971 est,
1188 3915 1215 3961 in

159 3978 198 4024 55.
209 3978 261 4023 Non
272 3974 396 4022 immerito
411 3986 467 4034 ergo
481 3975 603 4034 tamquam
616 3990 656 4023 re·
681 3977 796 4024 universo
820 3978 919 4025 mundo.
938 3978 983 4025 ilic
1006 3992 1080 4026 soritas
1104 3994 1117 4027 a
1141 3983 1216 4030 nobis

129 4044 232 4092 novatus
246 4044 335 4094 clamat
351 4043 429 4094 David
446 4045 497 4092 :iil
513 4046 613 4092 introibo
625 4048 669 4098 ad.
680 4047 754 4093 exeat
772 4046 802 4092 ad
818 4047 912 4107 Deum,
930 4047 993 4104 sicut
1009 4049 1089 4096 exivit
1111 4051 1216 4100 etiamn
