2752 4806
352 396 396 444 ιιι
413 397 738 443 ιιιιιιιιιιιιιοιιι
760 396 860 446 nevis
874 397 975 443 uranu
990 393 1025 444 ιι.
1147 418 1154 435 ·
1177 390 1220 447 iti

146 475 207 524 milii
216 478 316 538 quotidie
327 491 336 527 ι
346 479 390 528 Udi
396 482 430 528 eet
438 483 501 528 Deus
511 481 563 528 tuus
571 478 583 526 t
592 481 670 540 Quare
697 477 831 539 impensius
839 479 1028 528 consideremus.
1040 472 1138 540 signum
1150 491 1221 528 suum

143 546 215 608 tn'etis
226 561 258 609 es,
270 550 351 598 uuime
360 549 465 598 ineutlit
474 551 578 611 reliqua.
589 551 670 597 Prima
695 547 776 606 posuit
783 549 892 596 Christus
903 547 1221 608 inirentibussinpuleruma

143 612 311 674 interpellatio
336 620 462 678 querelam
486 620 587 677 hebuit,
606 617 671 678 qued
696 615 1220 698 ibiquequebntichristussuasignapenet,

145 684 502 745 comperendinarentnrbona,
512 686 670 747 querumiam
696 686 723 733 ut
740 687 850 747 proprios
874 684 1040 746 recognoscat
1064 686 1125 734 Sed
1130 687 1188 746 qui
1194 686 1222 733 in

144 748 238 800 tructus
262 754 454 802 desiderabatur.
467 755 578 803 Secunde
596 755 671 802 inter-
696 755 954 814 occultoiudaeusest‚
964 753 1222 803 illeverusconiesser

143 807 259 880 pellatle,
267 823 331 881 quod
343 824 500 883 exspectatus
510 824 671 884 prudentibus
696 822 775 870 dicit.
786 825 918 871 Posucruut
927 825 993 885 cipue
1004 836 1047 872 suu
1056 825 1137 884 equa,
1145 824 1223 869 eiueu

143 885 232 935 Christi
258 890 416 939 differebatur
442 888 576 952 adventus,
597 905 670 952 quem
696 893 797 969 coenosi.
809 892 946 939 Pesucrunt
956 891 1068 939 diabolus
1079 892 1104 938 et
1115 889 1222 937 ministri

144 952 197 1000 Lex
222 959 423 1020 annuntiaverat,
444 974 518 1022 quem
543 962 670 1022 prophetae
697 958 762 1018 ejus,
771 961 813 1007 sed
824 972 968 1018 egenescrvr
961 959 1157 1020 ulla,quranen
1166 968 1223 1005 con

144 1022 336 1086 pollicebantur,
353 1029 378 1074 ct
391 1041 420 1076 eo
435 1029 606 1089 impatientius
625 1043 671 1078 aes·
696 1027 930 1088 sensiartibusejus,
937 1024 1224 1088 nonaequieviimperiis

142 1088 246 1138 tuabant
260 1094 331 1140 cerda
348 1093 488 1155 iustorum,
508 1097 623 1156 quoniam
640 1095 671 1143 ad
697 1094 759 1152 eius
774 1096 858 1145 Posuit
874 1097 987 1157 Assyrius
1003 1094 1223 1143 Nabuchodonosor

143 1159 322 1209 redemtionem
336 1167 498 1233 cognoverant
513 1178 566 1212 esse
583 1165 671 1213 ventu-
697 1164 764 1223 signa
779 1166 864 1226 pueris
881 1168 1052 1225 Hebraeum,
1072 1166 1098 1213 et
1119 1163 1224 1211 mutavit

143 1241 199 1277 rum
214 1231 395 1280 universorum.
419 1234 528 1291 Quorum
543 1234 671 1282 universe-
697 1232 748 1279 illis
764 1234 863 1282 nemina
879 1236 905 1283 et
917 1235 1034 1294 pracepit
1052 1235 1079 1282 ut
1095 1231 1224 1280 adorarent

144 1298 215 1345 rum?
225 1300 320 1356 Quibus
332 1302 479 1361 Evangelico
494 1302 592 1349 tramite
603 1302 670 1349 viam
697 1301 827 1360 imaginem
840 1303 907 1361 ejus,
919 1303 944 1349 et
958 1302 1104 1349 recederent
1113 1295 1225 1361 auselemss

144 1366 243 1415 virtutis
254 1370 375 1428 aperiret,
390 1371 558 1430 bonorumque
570 1382 673 1429 operum
697 1370 769 1418 nibus
784 1373 883 1430 patrum
899 1384 1015 1430 suerum,
1031 1371 1140 1430 ritusque
1151 1368 1223 1414 Chal·

143 1439 244 1484 semitas
259 1438 448 1495 demonstraret,
469 1439 595 1497 sicutipse
608 1438 672 1484 dixit
697 1435 761 1483 daees
770 1437 908 1496 posthabita
920 1437 967 1483 Dei
976 1439 1039 1494 Lege
1051 1436 1222 1495 sequerentur.

144 1504 171 1550 in
195 1504 336 1552 Proverbiis
360 1519 367 1550 ι
389 1508 505 1553 Dominus
530 1507 616 1552 creauit
635 1517 671 1550 me
697 1505 828 1553 Constituit
843 1505 889 1552 hee
904 1518 965 1562 rex,
978 1504 1021 1551 sed
1033 1504 1119 1551 statuit
1130 1501 1223 1550 llanlci

141 1575 282 1632 principium
298 1575 391 1620 uiarum
410 1587 516 1621 suerum.
536 1572 594 1619 ldee
614 1583 671 1630 erge
696 1574 723 1618 in
734 1571 806 1618 corde
817 1573 905 1630 suo,ut
915 1570 1222 1632 regalismcn'saecontagu

143 1640 272 1688 dicebatur
289 1641 313 1688 ci
325 1655 332 1685 ι
345 1643 388 1690 Ubi
407 1645 441 1689 est
451 1645 513 1689 Deice
531 1644 600 1699 iuus3
611 1641 671 1699 quie
696 1640 840 1688 declinaret.
856 1641 933 1687 Recte
950 1653 1007 1699 erge
1019 1641 1042 1687 ei
1058 1640 1174 1688 convenit
1184 1640 1223 1686 di·

143 1709 223 1757 adbuc
233 1721 282 1756 non
292 1709 522 1768 veneretdbrlstus,
533 1709 577 1756 sed
587 1720 670 1767 spera-
697 1721 752 1756 cere
764 1721 771 1750 a
782 1707 856 1767 Signa
863 1719 912 1754 neu
918 1708 1020 1767 cognovi
1029 1707 1119 1755 aliena.
1124 1709 1222 1755 iussum

143 1776 224 1826 betur.
261 1779 382 1826 Saeviebat
412 1791 469 1838 erge
494 1778 620 1834 diabolus,
642 1777 671 1822 ui
697 1778 749 1824 erat
759 1776 787 1822 ut
797 1775 894 1823 ilcbraei
910 1776 980 1836 pueri
992 1776 1121 1823 adorarent
1137 1776 1223 1835 imagi·

144 1845 270 1892 obtereret
291 1859 352 1906 quos
374 1846 468 1893 sciebat
488 1846 516 1892 iu
536 1847 670 1893 adventum
697 1858 753 1892 nem
766 1845 842 1904 regis3
854 1844 1032 1904 responderunt
1044 1845 1069 1892 ei
1083 1846 1152 1892 :Non
1164 1845 1222 1892 ado·

145 1912 245 1959 Domini
257 1915 406 1971 credituros,
416 1916 442 1962 et
452 1913 555 1962 diversis
567 1914 672 1961 afflicta·
696 1926 777 1959 ramus
788 1914 919 1971 imaginem
927 1913 1003 1959 tuam.
1017 1912 1079 1971 Apte
1092 1925 1149 1972 ergo
1160 1913 1223 1960 dixit

145 1979 188 2027 bat
204 1982 296 2029 exitiis.
315 1981 458 2041 interpellat
474 1995 531 2046 erge
541 1983 634 2041 David,
644 1986 672 2032 ut
696 1979 863 2039 unusquisque
885 1990 969 2025 cerum
982 1991 989 2022 ι
1000 1981 1131 2026 posuerunt
1155 1983 1224 2039 sipuu

145 2050 283 2096 morantem
298 2050 390 2096 excitet
405 2051 494 2109 questu
511 2051 671 2112 prophetice,
696 2051 827 2109 suasique,
844 2051 866 2095 ei
882 2060 930 2094 ueu
950 2049 1056 2107 copueei3
1068 2047 1094 2094 id
1109 2048 1161 2106 esi,
1172 2059 1223 2094 nen

144 2115 264 2163 festinare
274 2116 375 2176 urgeat,
389 2118 518 2166 admoneat
528 2119 670 2168 subvenire.
697 2131 749 2165 sum
757 2115 998 2177 expertus,nonulle
1004 2127 1123 2162 consensu
1129 2115 1222 2175 recepi,

145 2185 270 2232 Habemus
290 2186 479 2234 similitudinem
497 2187 572 2245 huius
594 2189 672 2236 inter·
697 2198 745 2232 nen
763 2185 843 2244 aliqua
862 2184 978 2231 societate
999 2183 1026 2229 in
1042 2195 1086 2230 -me
1097 2184 1222 2230 transtuli.-

144 2253 285 2312 pellationis
302 2255 376 2301 etiam
391 2255 416 2300 in
427 2256 616 2314 posterioribus,
628 2257 671 2304 ubi
697 2255 766 2302 Unde
778 2256 802 2301 et
810 2254 841 2301 de
849 2254 896 2300 Dei
907 2254 970 2300 Filio
979 2253 1083 2311 legimus
1094 2252 1159 2312 qued
1168 2265 1223 2311 pec-

144 2323 205 2369 dicit
215 2323 282 2369 idem
299 2324 436 2383 prophete:
451 2328 480 2386 Ut
495 2328 549 2385 quid
569 2329 672 2386 repulisti
698 2326 778 2371 catum
795 2335 844 2370 non
862 2321 983 2382 cognovit.
1004 2322 1033 2368 Et
1050 2321 1110 2367 alibi
1128 2322 1223 2371 habest

83 2450 86 2457 ,
144 2403 187 2439 uos
200 2392 302 2438 Deusta
317 2391 403 2450 {immi
422 2393 452 2439 ut
468 2392 673 2454 ibiapertequed
698 2395 814 2453 Quoniam
829 2393 869 2452 qui
886 2392 982 2437 custodit
1002 2391 1155 2447 martiatum,
1175 2404 1224 2438 uon

144 2459 336 2517 congregationis
349 2472 399 2507 suae
416 2459 506 2507 oblitus
523 2461 569 2518 sii,
588 2463 673 2510 eivir·
698 2463 810 2521 coquoseit
821 2460 917 2508 nubum
930 2472 1048 2519 nequem,-
1062 2470 1119 2504 cum
1131 2459 1223 2518 liquido
1255 2514 1258 2519 ,

143 2527 673 2588 gamhaereditatissuaeabjecerit,ilebiliter
698 2529 801 2587 clareat,
812 2527 1222 2588 quianoncognitieimprebiteils,

144 2595 300 2656 deploravit,
322 2598 347 2645 et
364 2599 430 2657 quod
451 2599 478 2645 in
500 2600 599 2659 plebem
624 2603 672 2651 Dei
697 2599 741 2645 sed
753 2598 856 2645 societas
874 2597 1008 2644 criminosa
1024 2597 1064 2645 sit.
1081 2599 1133 2657 lpse
1149 2598 1224 2645 etiem

146 2665 327 2712 insurrexerint
343 2665 397 2722 ejus
413 2666 507 2714 inimici
517 2701 525 2726 ,
542 2667 573 2715 de
584 2671 672 2728 quibus
698 2667 776 2714 David
786 2666 812 2713 iu
822 2665 998 2725 posterioribus
1009 2666 1069 2714 dicit
1080 2680 1087 2711 r
1098 2668 1242 2720 Decimum,
1268 2663 1270 2667 ’

145 2734 181 2782 ait
191 2747 198 2779 t
209 2735 241 2781 iit
258 2737 352 2794 ploriuti
362 2739 417 2783 suut
428 2739 469 2796 qui
486 2739 584 2785 oderunt
599 2742 634 2796 le,
647 2742 672 2787 iu
698 2741 812 2784 iesuuicm
819 2738 955 2794 mulipuosu
964 2735 1222 2796 mcueuuqueecebnm.

145 2803 219 2849 medie
232 2801 285 2861 festi
296 2804 339 2849 tui.
351 2802 422 2849 Forte
433 2803 473 2850 bic
485 2804 622 2852 versiculus
634 2809 672 2855 vi·
697 2805 744 2851 Ubi
758 2806 840 2850 autem
850 2803 975 2851 voluerint
990 2804 1042 2849 haec
1053 2804 1120 2861 signa
1137 2801 1225 2849 adver-

146 2869 245 2918 deretur
260 2871 369 2930 Assyrios
379 2871 521 2930 declarare,
533 2873 576 2931 qui
585 2874 672 2921 trium·
698 2873 756 2920 sarii
767 2871 987 2931 penere‚declnrat
997 2882 1004 2914 ε
1014 2873 1078 2918 sieut
1090 2873 1114 2917 iu
1122 2873 1174 2927 eiu,
1186 2870 1225 2918 in·

144 2937 283 2998 phaverunt
304 2939 422 2997 populum
447 2939 601 2999 iudaeorum,
624 2944 672 2990 nisi
698 2943 770 3003 quit,
790 2955 859 3001 super
883 2953 1022 2988 summum:
1040 2940 1108 3000 quusi
1124 2941 1150 2986 iu
1167 2941 1225 2988 silea

144 3011 307 3067 sequeretur:
319 3010 450 3055 Posueiuut
461 3010 527 3069 sipara
537 3023 580 3056 suu
591 3013 671 3071 uque,
697 3015 813 3072 liquorum
837 3009 954 3057 securibus
973 3009 1120 3055 conciderunt
1136 3007 1225 3066 juuuue

144 3078 168 3122 ei
185 3089 233 3123 uou
250 3076 352 3136 copieoui.
375 3077 448 3134 sigua
464 3077 596 3136 semperin
607 3080 672 3128 belle
699 3083 747 3140 ejus
757 3082 782 3134 in
799 3081 913 3139 idipsum,
931 3077 1024 3136 bipenni
1038 3077 1132 3140 ciucciu
1142 3078 1226 3136 dejece-

144 3145 215 3202 sunt,
230 3157 285 3202 quae
302 3145 452 3203 praeliaturos
466 3144 553 3203 praeire
570 3139 673 3196 censue·
697 3151 753 3197 runi
771 3149 836 3195 illud.
852 3145 915 3205 Quid
931 3146 977 3192 hec
994 3145 1041 3192 sibi
1054 3145 1122 3203 vult,
1138 3144 1185 3191 nisi
1197 3146 1226 3192 ut

144 3211 249 3267 verunt,
277 3212 303 3256 ct
328 3225 415 3270 agmen
440 3213 531 3260 ducere
555 3217 671 3264 militare.
697 3217 810 3264 ostendat
824 3215 881 3274 quia
894 3213 1186 3271 fidesnostranenquasi
1199 3213 1226 3258 in

144 3278 318 3338 Unusquisque
334 3291 451 3325 numerus
467 3282 509 3326 aut
526 3281 589 3340 logie
605 3285 671 3341 signa
697 3286 737 3331 via
753 3297 806 3330 esse
825 3284 928 3339 debeat3
947 3294 978 3328 ne
995 3280 1095 3327 veniant
1114 3281 1226 3326 volucres

144 3347 189 3397 sua
211 3348 329 3406 sequitur.
352 3348 382 3394 ut
404 3347 425 3393 si
448 3348 551 3407 dispersi
582 3349 673 3398 inerint
698 3352 769 3408 coeli,
784 3351 809 3396 et
828 3349 942 3396 auferent
959 3358 1026 3405 eam,
1044 3347 1108 3392 sicui
1122 3347 1226 3393 verbum

145 3417 268 3465 bellorum
288 3415 409 3473 tumultu,
434 3427 463 3462 co
481 3416 524 3462 ubi
543 3416 611 3476 signa
628 3431 672 3464 sua
699 3418 772 3477 illud,
785 3418 851 3478 qued
867 3417 928 3476 legis
941 3417 966 3462 in
979 3415 1109 3474 Evangelio
1121 3427 1170 3461 nou
1182 3414 1227 3463 de-

144 3485 317 3546 prespexerint
343 3495 415 3542 csse,
441 3485 576 3544 quemlibet
601 3487 672 3546 lenge
698 3482 1181 3533 berecircaviasetsemitasseminarit

144 3552 218 3615 positi
229 3553 395 3600 revertuntur.
406 3552 577 3613 Unusquisque
589 3554 674 3602 ductor
728 3554 766 3601 28.
774 3550 1113 3612 Ergosenctivelentesfldem
1121 3551 1225 3609 huiusce

145 3623 197 3669 haec
208 3621 275 3680 signa
286 3621 425 3680 constituit,
435 3622 460 3668 ei
477 3623 600 3681 sequenda
612 3637 673 3684 prae-
698 3622 823 3671 eradicare
843 3621 993 3680 adversarii,
1012 3620 1053 3679 qui
1075 3632 1124 3666 rron
1140 3622 1226 3672 vident

78 3728 84 3734 .
145 3691 239 3738 scribit.
252 3691 300 3738 Sed
311 3692 367 3739 sunt
384 3690 459 3738 etiam
468 3690 518 3737 alia
526 3693 608 3751 signa
619 3705 673 3752 quse
698 3692 766 3750 signa
784 3703 827 3738 sua
849 3689 874 3735 iu
893 3689 965 3736 corde
986 3689 1054 3748 eius,
1069 3690 1226 3738 tentaverunt

144 3759 224 3807 victor
246 3760 323 3807 bostis
347 3746 466 3820 imponit,
492 3759 519 3806 'et
550 3760 673 3839 tamquam
697 3759 867 3820 quasiinvia,
874 3757 967 3817 idest,
961 3758 1083 3817 supervie
1096 3759 1225 3806 collocare.

145 3828 248 3887 captivis
260 3829 412 3878 observanda
426 3829 560 3877 decernit.
577 3831 621 3876 sed
631 3830 673 3889 qui
698 3832 742 3876 cor
760 3827 870 3875 autem
864 3839 891 3874 ιιι
911 3839 1004 3874 summe
1020 3829 1072 3887 est3
1086 3829 1144 3887 quia
1160 3824 1225 3871 ocull

145 3896 271 3944 srdeliscst
281 3889 673 3958 miles,prepriesignasequitur,
698 3886 857 3979 sapientiem
876 3896 955 3958 capite
972 3897 1033 3955 ejus.
1052 3890 1226 3953 Etpesuerunt

145 3977 194 4012 nen
207 3967 313 4024 agnoscit
322 3966 412 4014 aliena
698 3968 765 4026 signa
776 3965 846 4026 quusi
854 3966 880 4012 in
891 3966 953 4014 silva
961 3967 1098 4024 lignorum,
1109 3969 1225 4019 queeo
1174 3957 1225 4005 cito

176 4033 214 4082 2⁷.
225 4035 283 4094 Quae
294 4034 457 4083 sinieliena
439 4049 505 4096 signa
518 4036 638 4086 intensius
647 4035 672 4084 et
699 4037 837 4084 exuruntur
851 4034 915 4094 igni,
933 4033 976 4079 aui
994 4028 1122 4078 securibus
1141 4025 1226 4074 concl-
