2752 4806
199 352 248 400 nst
418 329 421 336 ’
588 352 717 398 sineri
737 352 910 398 nnsnosrr
964 379 966 382 ψ
1036 376 1043 383 -

200 430 302 486 morian
324 435 370 483 nni
388 433 472 495 iacias.
490 434 518 482 Si
534 435 598 482 enim
623 437 730 482 morinis
756 437 870 496 etrpiritu
886 432 1039 496 menmium
1053 435 1207 492 :asoantcns
1217 437 1291 498 sopri-

200 505 271 564 !ucrit
281 505 365 562 borno,
375 504 435 551 uisci
446 515 610 551 :mammone
619 504 667 552 dics
676 504 730 550 oitoe
755 503 850 562 turam,
860 505 882 550 et
889 515 938 550 non
947 504 1047 564 impetro
1053 534 1063 560 ,
1070 515 1155 563 precor
1166 503 1294 552 laborans..

199 574 280 633 ipsios.
290 569 413 620 Sustinoba
431 571 502 620 donec
512 571 597 617 iterum
610 570 681 629 tiam,
692 571 730 617 de-
755 572 788 618 ΕΙ
798 573 854 632 qnid
866 571 971 632 tanam?
980 573 1036 620 Dies
1046 572 1093 618 snei
1106 573 1291 621 danamassi:

199 643 254 689 inde
261 641 355 690 maiis
362 652 399 688 nro
405 654 414 700 ‚·
422 653 463 701 coo
473 642 551 688 antem
560 642 580 688 to
589 639 729 688 obaudiam:
755 639 871 688 isarrore:
882 642 969 702 dirupti
978 643 1033 690 nont
1042 641 1137 688 arnadi
1147 643 1224 690 cardis
1235 644 1292 689 mei.

154 721 157 727 ·
200 713 308 770 otapem
321 722 437 757 manuam
453 711 548 757 manem
564 721 593 766 ne
610 709 728 767 domitas
754 709 803 772 ties
812 710 895 757 tamen
902 721 1006 769 usquam
1016 708 1117 768 derogat
1124 708 1221 767 iudicio
1230 710 1291 769 Dei;

200 780 336 827 Numerasti
359 780 439 826 antem
462 790 527 825 meas
544 778 729 833 adinventiones,
755 777 882 825 scitenim
898 778 1046 838 profundam
1063 777 1289 837 essealtitudinem

199 861 242 895 nec
255 847 384 908 noetnibii
398 850 419 894 tc
438 848 565 906 quidquam
585 860 616 893 en
631 847 730 907 moratis
754 846 884 907 sapienties
894 849 920 896 et
934 847 1045 912 seientia
1055 845 1118 906 Dei,
1130 846 1159 893 et
1169 845 1289 894 inscruta-

199 917 267 964 meir.
279 917 383 977 Sipnasti
393 918 472 963 antem
481 917 616 975 iniquitates
624 928 689 962 meas
704 915 729 960 in
754 913 816 959 bilia
825 913 921 971 iudicia
931 914 999 974 ejus,
1010 913 1085 975 nque
1100 913 1290 973 inuestipabiles

199 985 306 1040 monto,
324 986 346 1032 ci
359 986 448 1033 notasti
461 986 482 1032 si
498 985 552 1044 quid
571 980 656 1032 inscias
668 995 730 1042 proe·
754 983 808 1029 vias
819 983 881 1042 ejus.

200 1056 275 1102 tenisi.
285 1055 363 1112 Quam
381 1054 463 1101 suavis
480 1054 562 1112 locus,
576 1052 619 1111 qui
636 1064 681 1099 nos
699 1051 729 1099 de
784 1051 824 1098 29.
833 1054 889 1099 Non
897 1051 1160 1111 :daemoniisque
1166 1065 1204 1100 eas
1212 1053 1254 1111 niti
1261 1066 1286 1101 eo

199 1123 380 1171 resurrectione
391 1122 531 1181 confirmat3
540 1123 566 1169 ct
575 1133 649 1181 quam
660 1120 729 1168 vide·
755 1121 949 1179 planificaniinmj
960 1135 1002 1168 nco
1016 1123 1124 1170 transisit
1133 1136 1178 1183 pcr
1187 1136 1227 1170 eae
1242 1123 1284 1170 teo.

199 1194 242 1239 tur
253 1193 307 1239 roei
323 1191 459 1240 Dominicis
471 1190 618 1248 convenire,
629 1203 684 1250 quae
702 1190 728 1236 in
753 1188 813 1245 Quis
824 1189 890 1236 enim
902 1189 983 1249 potuit
991 1190 1045 1237 vias
1057 1192 1112 1249 eius
1123 1192 1286 1249 comprehen-

199 1260 332 1320 Evangelio
347 1261 452 1321 legitur,
463 1260 507 1308 ubi
517 1260 575 1307 ait:
596 1261 729 1307 Tunoinci-
754 1255 828 1316 dere,
839 1270 893 1316 qua
911 1257 994 1304 abdite
1013 1259 1110 1315 occulta
1128 1257 1289 1318 penetravit!

198 1332 263 1390 pieni
273 1331 346 1376 dicere
355 1330 490 1378 monimus.-
502 1330 582 1378 cadite
591 1343 660 1389 super
668 1343 728 1383 nos:
756 1326 833 1383 Unde,
845 1326 941 1385 inquit,
952 1328 1046 1374 inuenta
1055 1329 1090 1375 cst
1098 1329 1237 1387 sapientia,
1248 1331 1288 1376 ani

198 1397 729 1458 eicoiiibas:Opesiienos.Eritenimincon-
754 1395 805 1453 nnis
829 1396 891 1442 iocus
909 1395 1054 1464 disciplina?
1076 1397 1158 1444 Nescit
1179 1397 1289 1445 snmtatis

198 1466 361 1513 summatiane
377 1467 460 1513 saculi
475 1467 513 1512 ira
530 1466 640 1513 Domini.
652 1468 728 1514 Recte
753 1462 968 1523 bonsemannus,
981 1466 1288 1514 neeinoentaesiinisami·

199 1545 257 1593 crgo
264 1527 401 1580 Sanctusin
409 1533 533 1590 judicium
543 1535 637 1581 mavult
647 1546 729 1581 resur·
753 1530 829 1577 nibus.
841 1531 945 1590 Auseae
955 1533 1016 1580 dixit
1032 1547 1040 1580 ε
1051 1534 1107 1579 Non
1117 1535 1153 1581 est
1165 1535 1193 1581 in
1203 1547 1256 1594 πως
1267 1536 1288 1581 ct

198 1601 727 1663 pereffluamintempusdivinasiracuudiae,
753 1611 819 1647 mare
835 1601 915 1648 diait:
932 1601 986 1647 Nan
1004 1604 1038 1648 est
1054 1615 1157 1650 mecum.
1173 1603 1229 1650 Non
1242 1601 1288 1648 tibi

198 1684 254 1732 quas
265 1671 384 1719 terribilis
394 1670 469 1718 etiam
485 1669 655 1718 innocentibus
665 1671 712 1718 est.
752 1666 811 1713 licet
819 1669 895 1728 scire,
904 1681 918 1715 a
926 1668 1012 1728 homo,
1020 1670 1070 1717 alia
1078 1669 1224 1730 sapientiae3
1234 1670 1289 1718 ideo

229 1740 269 1788 27.
281 1740 358 1787 Simul
370 1740 445 1786 etiam
459 1739 522 1786 iilud
531 1738 679 1800 prophetare
690 1739 728 1786 in·
753 1735 799 1782 tibi
815 1738 984 1799 scriptumest
999 1752 1007 1785 :
1022 1740 1079 1787 Noti
1094 1741 1172 1787 attam
1190 1753 1286 1800 sapae,

198 1809 333 1867 telligitur,
341 1806 458 1855 dicendo:
468 1809 565 1854 Statuas
572 1807 631 1853 mibi
639 1809 728 1867 tempas
751 1805 790 1852 sed
801 1807 865 1854 time.
874 1807 939 1865 Quid
949 1808 1043 1856 curiose
1053 1808 1125 1867 cupis
1135 1808 1288 1868 investigare

197 1880 224 1923 in
239 1889 284 1936 qno
298 1876 436 1924 mesariam
451 1877 498 1922 mei
514 1876 603 1934 iacios3
619 1876 686 1934 quod
700 1876 728 1924 in
751 1873 817 1932 quad
833 1874 880 1922 tibi
895 1888 944 1922 non
960 1877 1068 1936 expedit·
1078 1877 1157 1936 scire,
1168 1891 1219 1925 nec
1232 1891 1286 1938 cog·

197 1943 311 2004 passione
328 1942 429 1990 Domini
451 1942 632 1992 resuscitandus
649 1942 727 2004 toret,
752 1953 853 1991 noscere
871 1943 959 1993 daturi
976 1946 1067 1992 Paulus
1084 1945 1184 1993 audivit
1203 1947 1287 2007 aliqua

197 2012 261 2060 sieut
271 2012 299 2059 in
313 2012 362 2060 bne
378 2012 449 2060 istius
458 2013 516 2059 libri
531 2012 726 2073 demonstratum
752 2013 845 2060 secreta
863 2014 1006 2074 sapientiae,
1023 2015 1236 2074 quaprobibitus
1250 2019 1286 2066 est

197 2093 244 2129 nec
263 2080 347 2128 tamen
362 2081 489 2143 deplorare
508 2081 617 2129 desinit:
633 2081 660 2129 et
676 2096 727 2142 quo
752 2081 808 2130 aliis
826 2083 957 2144 intimare3
974 2085 999 2131 et
1017 2084 1073 2131 ideo
1091 2086 1180 2145 raptus
1197 2088 1239 2134 ,est
1260 2087 1287 2133 in

197 2150 726 2212 magisinteltipitsibiresurrectionemesse
750 2152 904 2211 paradisum,
927 2154 1011 2213 raptus
1030 2154 1161 2214 usquead
1183 2155 1285 2202 tertium

196 2220 359 2280 propositam,
375 2220 452 2267 ribam
469 2220 533 2267 hane
549 2219 636 2278 fugere
658 2220 726 2268 desi·
751 2221 853 2281 coelum,
869 2224 898 2271 ut
915 2224 1012 2271 audiret
1028 2235 1058 2271 ea
1074 2237 1131 2284 que
1149 2225 1249 2284 positus
1259 2225 1287 2271 in

197 2290 282 2350 derat,
300 2290 388 2338 videns
410 2300 437 2337 se
459 2289 485 2336 in
503 2301 591 2336 manus
608 2289 730 2336 traditum
750 2287 824 2336 terris
834 2291 920 2339 audire
931 2304 981 2339 non
991 2293 1095 2351 poterat.
1108 2293 1134 2340 Si
1145 2307 1204 2353 quse
1215 2294 1285 2342 audi·

176 2396 178 2400 .
197 2360 405 2420 adversariorum,
416 2359 554 2420 projectum
569 2370 596 2407 se
606 2357 633 2406 in
643 2359 726 2417 pates·
751 2357 883 2418 sithonio,
895 2373 944 2407 non
955 2360 1026 2408 licuit
1036 2362 1061 2408 ei
1071 2362 1155 2422 ioqui,-
1165 2363 1284 2423 quemad·

196 2429 273 2477 tatem
290 2429 434 2489 impiorum,
454 2428 494 2476 cui
513 2427 589 2475 eiiam
606 2427 680 2474 amici
700 2428 726 2475 iu
750 2427 849 2475 modum
872 2431 938 2490 quod
955 2443 1004 2477 non
1027 2431 1287 2493 audiuit‚inc1uiritt

195 2497 310 2553 inimicos
328 2498 439 2546 conversi
455 2498 527 2557 sunt,
544 2497 589 2558 qui
608 2509 665 2544 oum
682 2497 726 2544 de-
749 2495 905 2556 lmperatoris
923 2499 998 2558 huius
1015 2499 1043 2546 in
1060 2500 1136 2547 terris
1151 2513 1205 2548 non
1225 2502 1284 2549 licei

195 2564 536 2625 buerintconsolari‚ruinam
546 2567 725 2625 superruinam
750 2565 796 2612 tibi
810 2567 873 2614 scire
885 2569 1000 2627 consilia,
1013 2571 1038 2617 et
1054 2569 1091 2617 vis
1102 2571 1168 2616 scire
1181 2571 1284 2628 divina:

195 2635 667 2695 inierant3memortamenconscientiae
675 2649 724 2684 suae
748 2645 797 2680 non
809 2635 868 2683 iicet
878 2636 925 2683 tibi
937 2638 1056 2685 curiosius
1064 2639 1217 2698 investigare
1228 2653 1282 2700 quae

195 2714 276 2764 purae,
292 2705 430 2770 etmundae
445 2705 562 2752 orationis
572 2704 609 2751 ait
624 2717 630 2750 ε
649 2707 724 2753 Terra
749 2701 775 2747 in
785 2701 857 2750 terris
864 2706 996 2765 geruntius,
1006 2707 1031 2754 et
1041 2707 1163 2754 curiosius
1174 2708 1284 2767 requiris

194 2776 365 2833 noncoapcrios
375 2776 400 2821 in
410 2775 522 2834 sanmsine
533 2777 610 2820 carnis
620 2787 687 2832 meae,
696 2775 724 2821 ut
748 2773 809 2830 quid
822 2786 896 2833 supra
912 2775 1002 2822 coelum
1016 2777 1111 2834 agatur.
1125 2778 1176 2823 Gur
1188 2779 1217 2824 tu
1233 2778 1281 2825 dis·

195 2843 272 2890 oratio
284 2842 410 2901 eiussicut
424 2844 552 2891 incensum
562 2843 682 2902 dirigatur
693 2842 723 2890 ad
748 2841 819 2900 putas
829 2841 897 2890 unde
912 2846 971 2892 nata
986 2845 1019 2892 sit
1035 2844 1183 2904 Sapientia?
1200 2847 1282 2894 Nescit

194 2911 341 2970 Dominum,
365 2925 415 2959 non
432 2913 459 2959 in
481 2913 546 2960 terra
573 2913 721 2960 diversetur.
748 2911 820 2957 horno
830 2911 896 2958 riam
908 2913 975 2971 ejus,
986 2925 1032 2960 nec
1043 2915 1069 2960 in
1087 2915 1235 2964 haminibus
1246 2918 1281 2963 in-

194 2977 276 3026 Sancti
285 2981 351 3026 enirn
359 2982 724 3042 orationubespenetrai3pec-
747 2980 821 3026 venta
841 2980 878 3026 est
896 2980 1005 3041 perfecta
1026 2983 1162 3041 Sapientia.
1184 2986 1238 3031 Non
1254 2985 1281 3032 in

194 3047 284 3094 catoris
306 3050 454 3108 orationem,
473 3051 538 3098 sicut
555 3063 569 3097 a
586 3052 638 3097 Deo
663 3050 722 3097 Cain
747 3048 899 3107 Moyse,nan
910 3050 1037 3109 iudanon,
1048 3052 1279 3101 noninJesuNave

194 3113 288 3162 dietum
298 3112 484 3177 estparricidae,
492 3119 606 3178 aperiens
617 3130 723 3166 ossuum
747 3114 865 3174 tuit,n0n
875 3119 902 3165 in
913 3119 965 3178 ipso
976 3119 1055 3167 David
1065 3121 1108 3179 qui
1119 3121 1153 3168 ait
1166 3135 1174 3167 z
1188 3117 1279 3170 Incerto

193 3183 260 3230 terra
271 3183 425 3244 insanguine
437 3188 516 3234 carnis
527 3187 661 3234 abscondit.
671 3191 722 3235 Mo·
746 3188 1278 3254 etoceuttasopientioetnaensauitestastimibi,·

193 3252 301 3311 udrosos,
312 3253 406 3314 inquit,
416 3269 432 3302 a
442 3257 521 3315 tarra,
531 3269 582 3317 qua
594 3258 685 3316 operuit
697 3272 722 3306 oe
746 3253 804 3311 quia
815 3255 868 3314 ipse
883 3254 948 3302 di'xit
958 3257 984 3303 in
995 3258 1194 3317 posterioribus:
1212 3262 1279 3310 Vetat

101 3369 105 3376 ,
192 3333 261 3370 sunm
277 3325 379 3384 accipere
393 3326 531 3384 sanquinem
546 3327 629 3384 [ratiis
644 3326 679 3372 ini
694 3327 721 3373 de
743 3324 874 3382 jumentam
889 3326 964 3384 iactos
973 3339 1025 3374 snm
1039 3329 1102 3386 apud
1116 3330 1147 3374 te.
1159 3328 1277 3387 Suprate

193 3404 267 3440 mann
282 3395 338 3454 ina:
354 3396 465 3454 qnoniam
481 3394 612 3460 operaberis
623 3398 720 3444 tenram,
746 3393 784 3439 esi
794 3393 871 3452 scire,
883 3406 897 3454 o
907 3395 993 3453 homo,
1004 3395 1164 3443 altitudinem
1176 3387 1277 3456 Sapien-

411 3492 497 3504 -..
745 3461 1108 3519 tiae3satisesttibiutcredas.
1120 3467 1220 3512 sienim
1230 3479 1277 3512 non

354 3538 483 3592 CAPUT
501 3542 557 3594 lx,
745 3533 896 3589 credideritis,
906 3531 1047 3590 inquit,ncc
1055 3534 1277 3594 interueniennys-

165 3674 173 3686 ·
193 3627 389 3677 Reprehenduniur
403 3638 478 3685 ii,qui
493 3639 598 3678 curiosius
613 3615 720 3688 sapientiae
745 3611 797 3646 sum
811 3600 874 3648 seire
887 3613 936 3648 non
949 3600 1031 3660 potes’
1046 3601 1160 3660 abyssum
1174 3615 1276 3682 nqnpq-

215 3683 278 3730 adyta
287 3687 361 3724 rimari
370 3688 448 3728 audent
457 3703 462 3730 τ
472 3701 519 3729 earu
528 3694 630 3741 usquein
638 3696 720 3745 abysso,
744 3670 781 3715 tes
790 3669 1012 3750 ⁰⁰mpfehffndefe’
1027 3671 1149 3730 qu⁰m⁰d⁰
1160 3671 1275 3718 ‘dmum‘

214 3746 720 3849 j..
743 3738 1276 3857 3:distinxisti{tantist

215 3847 268 3890 Deo,
276 3850 297 3884 st
305 3847 385 3896 quibus
392 3858 439 3885 earn
447 3850 483 3888 ille
493 3855 619 3895 revelaverit
626 3884 633 3903 ,
640 3863 720 3905 patore·
743 3877 801 3934 quia
812 3876 838 3922 in
849 3877 874 3923 te
885 3877 922 3923 est
931 3842 1073 3937 Sapien'fiap
1108 3821 1124 3868 p

222 3927 265 4007 28..
273 3929 427 4008 Fannium
434 3928 517 3989 itaque
528 3932 629 3983 Sanctus
636 3938 719 3998 depio·
772 3945 1274 4008 50.abyssusergodixit21vonesisnm03

192 3997 230 4042 rat
242 3997 299 4045 vitae
310 3999 381 4047 istius
388 4001 514 4060 tempora:
525 4003 612 4062 Perea,
623 4004 718 4069 inquit,
742 4010 800 4070 quia
815 4011 868 4071 ipse
884 4013 1002 4062 Dominus
1013 4013 1095 4062 dixit:
1107 4017 1162 4064 Non
1173 4018 1275 4067 deretia

80 4329 271 4520 ἱ)
