2752 4806
423 395 466 446 bn
485 399 551 445 NOE
572 399 613 443 ΕΤ
629 396 720 442 ARCA
737 395 841 442 LIBER
860 397 957 441 UNUS.
1188 390 1233 442 lib

181 473 223 526 bb.
234 475 527 542 Considerandum-etiam
541 491 617 540 quare
633 491 682 525 nou
704 478 770 524 nisse
785 477 921 526 residendi.
937 479 966 525 Et
981 475 1047 524 corte
1064 476 1167 524 nonest
1184 477 1233 524 nu·

151 551 293 606 regressum
303 545 395 594 dixerit
403 558 519 606 corvum,
531 549 600 594 donce
610 548 681 594 ricco·-
703 544 810 603 jusmodi
830 556 919 592 corvus
938 544 966 592 ut
983 543 1038 590 alim
1056 554 1115 592 aves
1131 557 1187 605 quae
1205 545 1233 592 iu

152 617 189 663 rct
200 627 264 674 aquo
279 629 295 662 e
307 617 384 671 terro,
398 615 538 675 quasivero
552 614 637 674 postea
648 613 681 660 sit
705 612 776 674 aq'uis
791 612 1002 661 conversationem
1019 611 1112 659 lubere
1129 625 1234 661 cousue-

151 693 287 740 regressus,
294 681 342 729 Sed
350 683 402 730 baec
409 683 501 730 locutio
509 682 637 729 familiaris
643 682 681 729 est
704 684 770 730 runt.
787 684 847 730 cnm
863 695 920 742 erqo
936 693 1024 729 corvus
1038 681 1083 727 ubi
1093 683 1233 731 remaneret

150 750 278 808 scripture
289 749 389 798 divinas.
400 750 528 816 Siquidem
537 751 595 797 etin
604 752 680 797 Evau-
704 751 827 800 iuvenisse
835 749 958 811 videatur,
967 749 1081 797 colomba
1093 750 1232 797 autemnon
1263 761 1268 767 ·

150 818 216 877 gello
232 818 308 864 habes
318 819 438 877 scriptum
455 817 486 865 de
497 818 580 864 saneta
590 819 679 877 llario,
704 819 851 878 invenerit,
873 819 976 866 evidens
999 816 1063 864 ratio
1085 816 1125 864 est
1144 817 1232 866 altiore

148 885 215 944 qnod
224 898 274 932 non
282 887 424 946 cognoverit
434 899 490 934 eam
500 887 591 946 ioseph
602 885 679 933 douec
703 886 906 946 interpretatione
929 885 1036 947 signari,
1057 884 1117 945 qnia
1137 885 1233 932 malitia

149 955 247 1012 peperit
258 954 351 1014 tilium,
364 949 422 1002 cnm
435 956 523 1015 utique
538 967 584 1001 uec
594 956 679 1014 postea
702 956 821 1014 inquietis
838 955 992 1015 passionibus
1008 954 1034 1002 et
1056 952 1235 1012 cupiditatibus

148 1023 301 1080 cognoverit.
309 1023 406 1071 Deinde
414 1036 469 1082 qnae
478 1024 614 1070 estlocutio
623 1023 678 1080 ista,
703 1024 792 1082 quibus
803 1023 969 1083 corrumpitur
984 1023 1078 1081 anima,
1090 1034 1117 1068 se
1127 1020 1234 1068 mlseere

148 1089 177 1138 nt
189 1090 300 1149 diceret,
310 1094 380 1139 dcccc
390 1095 488 1140 siccaret
499 1106 563 1150 equo
573 1107 589 1138 o
600 1095 664 1138 terra
670 1123 679 1147 ,
704 1092 847 1150 cousuevit,
859 1092 885 1139 et
894 1092 964 1153 qnasi
976 1091 1085 1150 cognatis
1101 1092 1126 1138 et
1136 1090 1234 1137 domes·
1314 1090 1320 1099 ‘

147 1170 197 1207 nou
207 1161 273 1207 terra
284 1161 314 1207 ab
333 1159 413 1220 aquai
424 1162 453 1207 nt
464 1161 565 1220 quidem
576 1173 635 1206 usus
645 1160 680 1206 lo·
703 1159 759 1206 ticis
767 1159 913 1219 delectatur,
922 1160 1007 1220 ibique
1016 1158 1233 1206 commorationem

146 1229 241 1287 quendi
251 1228 326 1275 etiam
335 1229 383 1274 hoc
391 1228 483 1275 lrabere
492 1227 621 1275 cousuevit
629 1241 635 1273 ι
644 1228 680 1273 ta·
702 1240 772 1274 suam
782 1228 846 1275 locat
856 1241 864 1274 ε
875 1228 955 1276 virtus
964 1227 1046 1274 nutem
1058 1227 1137 1286 prima
1148 1226 1231 1273 stetim

147 1304 207 1343 men
217 1296 333 1342 nonnulli
351 1297 408 1343 ante
419 1309 463 1344 nos
479 1297 679 1354 aestimaverunt,
702 1295 785 1353 specie
794 1295 895 1342 visionis
902 1296 992 1342 offensa
1000 1294 1098 1354 regredi
1104 1293 1231 1341 festinavit

146 1375 179 1410 eo
190 1363 256 1421 qnod
272 1363 432 1411 immoderata
442 1364 554 1424 quaedam
564 1364 679 1412 videatur
701 1362 732 1409 ad
740 1364 848 1410 mentem
856 1364 1014 1422 animamque
1019 1363 1079 1420 justi
1087 1395 1094 1421 ,
1103 1361 1169 1420 qnod
1176 1361 1231 1409 illia

147 1430 189 1478 vis
207 1429 315 1488 exprimi
333 1431 472 1490 passionum
490 1432 536 1478 bac
554 1431 676 1478 locutione
700 1429 862 1477 diversorium
880 1430 928 1477 sibi
943 1430 1096 1478 tutissimum
1114 1429 1148 1476 sit
1163 1428 1231 1476 loca·

148 1497 297 1556 verbornm3
306 1498 363 1558 qnia
373 1499 477 1547 turbidis
484 1499 637 1558 passionibus
648 1511 675 1546 ae
700 1498 767 1557 tum;
778 1499 882 1558 eoquod
892 1498 951 1545 alibi
963 1499 1090 1558 tamquam
1099 1497 1228 1555 columba,

145 1566 291 1626 procellosis
305 1568 486 1615 consummatur
503 1568 597 1627 anima,
614 1568 676 1615 deti-
699 1564 733 1611 ita
747 1565 888 1623 huiusmodi
902 1565 982 1613 virtus
992 1565 1126 1613 stationem
1133 1564 1230 1612 tutissi-

145 1632 271 1681 cientibus
282 1635 365 1681 antem
380 1634 406 1681 et
423 1634 493 1684 velut
507 1635 674 1683 arescentibus
698 1646 763 1681 mam
774 1634 889 1683 iuvenire
909 1646 959 1692 uon
970 1633 1056 1693 possit.
1072 1633 1150 1680 l'arde
1162 1633 1229 1681 enim

146 1700 267 1748 virtutem
277 1702 394 1772 resumat.
404 1704 457 1750 llou
467 1703 616 1764 reditigitnr
624 1706 675 1752 cnl-
698 1702 763 1749 inter
777 1703 880 1751 astutias
894 1703 966 1750 istius
980 1701 1082 1760 mnndi,
1094 1702 1120 1748 et
1130 1701 1229 1748 saecula·

145 1781 184 1828 par
200 1770 295 1828 species
305 1770 332 1817 in
346 1771 453 1818 animam
462 1771 535 1830 iusti,
545 1773 615 1832 qnasi
626 1774 675 1820 sic·
698 1771 763 1818 rium
776 1771 865 1819 ductus
880 1771 1045 1831 cupiditatum
1057 1769 1157 1829 portum
1167 1769 1230 1816 solet

145 1848 200 1884 cam
211 1840 237 1884 et
251 1840 373 1886 mortuam
389 1839 577 1901 derelinquens,
594 1842 620 1889 et
633 1843 674 1900 cni
698 1840 812 1887 invenire
827 1840 982 1900 simplicitas.

144 1904 196 1962 iam
205 1917 294 1956 nocere
304 1919 354 1954 non
364 1908 450 1967 possit.
728 1909 767 1954 65.
778 1911 864 1969 ltaque
875 1909 939 1957 sient
947 1909 1044 1967 justitia
1051 1908 1121 1956 velut
1130 1907 1227 1955 visendi

365 2010 455 2023 .....
699 1977 778 2033 gratia
792 1989 918 2035 progressa
939 1979 1065 2036 paulisper
1078 1977 1109 2022 ad
1119 1979 1229 2023 mentem

172 2085 175 2088 Α
235 2098 238 2106 Δ
263 2100 272 2111 .,
283 2065 411 2120 GAPUT
422 2068 541 2118 Hm⁶
700 2042 818 2100 optimam
835 2043 918 2089 redire
933 2042 1055 2099 festinat,
1069 2053 1117 2087 uec
1133 2043 1229 2100 longios

330 2157 353 2166 ..
421 2157 426 2167 .
470 2158 475 2167 ,
700 2109 803 2157 discedit
812 2109 957 2169 ajusto3ita
969 2110 1045 2157 etiarn
1052 2110 1167 2167 justnset
1176 2110 1229 2157 stn-

145 2155 559 2204 usceriusmarinam,srcv1rimem
574 2157 676 2196 columba
699 2178 780 2226 diosus
794 2179 893 2227 virtutis
907 2179 950 2226 libi

168 2210 273 2258 exprimit.
283 2209 318 2247 Ad
326 2210 382 2248 hanc
390 2211 534 2259 recipiendam
542 2211 675 2258 semperjus-
907 2247 912 2257 .
1020 2246 1025 2258 .
1209 2245 1215 2255 .

167 2264 217 2302 tum
234 2274 274 2302 csse
289 2268 389 2312 paratum
406 2265 495 2303 ostendit
510 2266 564 2310 Νοος
574 2263 675 2312 idemque
699 2259 774 2305 quare
784 2248 939 2307 ⁰⁰ssn⁰vef¹tr
949 2258 1129 2306 ssfemfflmsuae
1138 2247 1230 2293 mentm

166 2316 291 2354 columbam
300 2320 378 2364 septem
392 2318 437 2355 aliis
446 2317 520 2355 diebus
532 2317 675 2364 retinens·pa-
699 2314 827 2372 expandit.
839 2314 905 2373 Quid
914 2315 980 2360 enim
991 2312 1039 2359 sibi
1050 2313 1104 2359 vult
1114 2311 1179 2372 quod
1190 2312 1230 2359 vir

166 2369 654 2417 sentiamuscorripennoneceearamuocei.
699 2380 1228 2429 studiosusvirtntislloeextendeusmanum

175 2439 214 2488 64-
231 2443 282 2488 Nic
299 2440 361 2487 illud
375 2453 498 2499 vacuum,
509 2441 575 2500 quod
591 2443 675 2500 postet
699 2449 807 2507 suscepit
828 2461 901 2507 earn,
923 2449 950 2496 et
969 2447 1110 2496 introduxit
1131 2448 1164 2494 ad
1184 2448 1231 2496 se!

144 2508 259 2555 columba
279 2507 420 2555 dimittitur.
443 2508 561 2555 ltalitiam
582 2509 675 2556 etenim
699 2515 768 2573 Quod
786 2516 833 2562 etsi
848 2516 986 2563 secundum
1001 2516 1109 2563 litteram
1125 2517 1227 2575 planum

142 2576 307 2635 simplicitas,
318 2578 344 2624 et
360 2577 458 2635 culpam
473 2577 553 2624 virtus
563 2578 673 2626 resolvit.
699 2583 812 2642 videtur,
823 2597 872 2631 non
881 2585 964 2632 tamen
974 2584 1047 2632 lacile
1056 2585 1170 2644 colligas,
1180 2585 1227 2632 uisi

142 2645 238 2691 Malitia
255 2644 328 2702 ibitur
343 2644 409 2690 amat
424 2644 562 2704 diluvium,
578 2648 603 2694 et
618 2659 676 2693 con·
699 2651 746 2698 viri
761 2654 879 2712 sapientis
892 2653 939 2702 tibi
949 2654 1006 2701 nota
1019 2653 1052 2700 sit
1062 2653 1228 2710 consuetudo,

142 2712 249 2759 SOrtiuffl
264 2712 335 2769 iustae
347 2713 437 2760 mentis
451 2712 558 2773 refugit,
570 2715 595 2762 et
606 2715 675 2774 quasi
698 2721 740 2778 qui
749 2723 818 2769 velut
827 2722 988 2781 speculatrice
997 2722 1089 2769 virtute
1098 2721 1193 2779 utitur,
1203 2720 1229 2766 et

143 2782 268 2842 desolata,
281 2782 307 2830 et
316 2783 370 2830 sine
387 2783 470 2843 aliqua
480 2786 583 2831 statione
594 2797 675 2831 rema·
699 2789 722 2834 ei
742 2790 948 2847 explorandorum
966 2789 1120 2847 negotiorum
1140 2799 1229 2846 geren-

143 2851 188 2898 uet
203 2851 298 2897 nullam
316 2851 410 2898 liabens
427 2865 483 2898 cnm
500 2853 592 2899 virtute
609 2866 675 2900 corn-
699 2855 835 2916 donumque
849 2857 1035 2915 prerogativam
1049 2855 1180 2914 quamdam
1190 2854 1230 2902 vi·

142 2919 296 2966 munionem.
312 2919 395 2967 Virtus
412 2923 494 2967 antem
511 2921 575 2969 redit
591 2934 675 2968 amaus
698 2922 771 2969 detur
786 2924 951 2970 committere.
969 2925 1003 2969 Ea
1018 2934 1075 2982 ergo
1090 2922 1170 2970 virtus
1186 2934 1230 2968 ex·

142 2985 264 3044 justorum
276 2987 411 3047 consortia,
423 2989 449 3035 et
459 2989 590 3048 largiendae
602 2988 675 3036 lami·
698 2991 784 3048 pendit
802 2992 917 3048 naturas,
934 2991 963 3037 ιιι
981 2991 1002 3036 si
1016 3002 1065 3049 qna
1080 3001 1166 3037 earnm
1180 2989 1228 3036 sibi

144 3056 229 3103 liarior
237 3056 354 3115 utilitati,
364 3068 418 3115 quae
430 3056 540 3104 conterat
548 3058 673 3116 salutaria,
698 3058 797 3105 videtur
808 3058 963 3106 committere
974 3057 1125 3118 proiectum,
1137 3058 1160 3104 ei
1171 3070 1229 3116 pos-

142 3125 171 3171 et
182 3124 290 3173 cavenda
301 3137 331 3172 ea
342 3127 461 3184 quaesunt
470 3125 594 3184 nocitura,
606 3138 673 3171 com·
697 3125 729 3171 sit
739 3126 881 3186 adiungere.
891 3127 1030 3174 Communis
1040 3127 1107 3173 enim
1118 3126 1229 3186 quaedam

144 3192 244 3240 moneat
260 3206 267 3238 t
284 3193 348 3240 sient
363 3193 476 3240 columba
496 3193 595 3241 dimissa
617 3206 672 3240 cnm
697 3195 734 3241 est
743 3195 1121 3254 bouitassapientiaeetliberalis
1128 3194 1153 3240 et
1161 3193 1229 3252 larga

142 3260 242 3311 videret
259 3273 366 3309 cessasse
384 3275 490 3321 aquarn,
508 3271 618 3322 regressa
636 3264 674 3310 est
697 3263 831 3322 utilitatis;
852 3265 886 3310 ita
902 3265 931 3310 ιιι
951 3275 1012 3322 quas
1030 3263 1163 3322 morigeras
1181 3261 1230 3307 sibi

144 3329 271 3389 tamquam
284 3332 362 3390 plena
377 3330 496 3388 iustitiae3
511 3330 540 3377 nt
556 3331 580 3377 ei
596 3342 673 3389 aquo
698 3331 791 3390 cernit,
806 3330 931 3378 adsociet:
944 3331 988 3376 ubi
1004 3331 1088 3380 autem
1104 3327 1230 3387 proposito

143 3396 218 3446 missa
230 3397 325 3456 inerat,
336 3398 463 3445 nuntiaret
472 3398 532 3456 qnid
542 3397 622 3444 adhuc
634 3410 674 3444 ca·
698 3410 741 3445 sno
752 3399 844 3447 viderit
859 3399 996 3457 aliquorum
1011 3397 1169 3444 recalcitrare
1185 3407 1230 3441 na·

143 3477 204 3513 vere
213 3465 327 3526 deberet,
336 3468 409 3525 atque
418 3465 584 3524 exspectando
593 3464 674 3511 fructu
698 3466 794 3525 turam,
813 3465 883 3513 velut
901 3466 933 3511 ad
949 3464 1085 3523 hospitium
1106 3462 1230 3510 familiare

144 3533 248 3581 meliore
262 3535 347 3593 postea
362 3532 493 3593 potiretur.
511 3530 582 3589 Quod
592 3531 675 3577 antem
699 3533 747 3579 sibi
763 3532 858 3579 revolat
875 3532 901 3578 et
917 3532 1036 3591 recurrit,
1047 3543 1120 3591 qnam
1131 3530 1230 3589 sapiens

143 3600 676 3660 columbanoninveniensrequiemsuamne·
700 3602 726 3647 et
740 3600 876 3647 industrius
891 3600 1017 3660 tamquam
1032 3612 1107 3647 manu
1125 3601 1230 3659 quadam

142 3668 256 3728 proditur
267 3668 547 3728 adeum‚maniiestnm
556 3667 676 3714 indicium
699 3668 790 3716 mentis
798 3668 898 3716 festinat
907 3668 1116 3729 excipere,omue
1124 3682 1165 3717 cor
1173 3681 1230 3729 ape-

142 3737 213 3786 dedii
224 3749 270 3796 per
283 3737 424 3796 hujusmodi
436 3749 495 3784 aves
505 3737 624 3796 quantum
635 3736 676 3782 in·
699 3736 766 3784 ciens
784 3750 855 3785 sunm
873 3750 922 3798 quo
938 3738 1013 3786 etiam
1032 3751 1088 3786 eam
1103 3739 1229 3786 absentem

141 3805 215 3854 tersit
230 3807 296 3853 iuter
306 3806 427 3853 malitiam
438 3807 465 3853 et
481 3805 613 3864 virtutem,
630 3818 675 3852 ex·
699 3795 808 3854 tenebat.
819 3808 955 3868 Numquam
967 3809 1034 3856 euim
1043 3808 1123 3868 potest
1131 3809 1229 3869 sapiens

142 3874 227 3933 primi.
238 3875 366 3935 Siquidem
377 3882 464 3922 corvus
474 3875 531 3922 ante
543 3873 673 3933 dimissus,
700 3887 784 3922 exsors
795 3888 848 3924 csse
859 3877 964 3938 propriae
975 3875 1085 3925 virtutis.
1225 3926 1228 3931 ,

142 3955 201 3989 cum
210 3943 335 4002 aliquanto
346 3943 586 4003 videreturamplius
595 3956 676 3993 exun-
730 3939 767 3994 66.
779 3945 841 4004 Quid
853 3948 974 4007 praeterea
984 3945 1034 3994 sibi
1045 3945 1108 3992 velit
1119 3941 1184 4003 quod
1192 3942 1230 3986 te·

142 4008 202 4058 dare
217 4011 353 4071 diluvium,
372 4012 440 4060 visus
455 4013 492 4059 est
510 4012 592 4060 locum
604 4012 676 4065 inve·
699 4013 754 4063 nuit
765 4016 859 4075 septem
875 4015 964 4062 diebus
974 4013 1030 4062 aliis
1041 4011 1193 4068 columbam,
1205 4010 1230 4056 ot

961 2178 1080 2226 virtutem
1096 2178 1229 2237 appropin·
1312 2181 1315 2187 '
1332 2178 1336 2185 '
