2752 4806
165 418 210 469 loe
482 442 486 449 ·
554 419 679 465 sancii
699 419 871 465 suuuosu

164 512 224 549 vero
233 499 321 561 turpe,
332 498 379 547 boe
389 497 531 559 umnam,
540 497 692 558 inoonposi-
716 499 792 546 edam
801 495 961 559 munitor
970 494 1028 545 duh
1036 494 1185 557 prs-arpa
1193 493 1242 543 rio·

164 571 232 628 tum,
243 569 317 629 amne
330 567 465 615 discretum
476 569 523 615 esi.
535 567 565 614 rt
575 567 632 615 ideo
642 569 691 614 llo-
716 567 785 615 larit.
795 569 848 615 lex
857 566 924 614 eninr
932 565 1070 626 spiritualis
1079 565 1142 613 nst:
1155 566 1183 617 et
1190 563 1241 612 list

164 638 246 685 rrlnus
256 636 378 685 unitatem
387 648 487 696 semper
495 635 692 696 mtendensfle·
715 636 820 683 uterum
837 635 864 682 in
880 646 1009 694 mone,
1025 632 1241 693 uteminprs·

164 705 273 752 rnndunr
288 704 411 752 unitatem
431 703 692 764 proneptemque
715 702 978 763 destinatione,dirlno
986 700 1242 763 popumbsrnslle

163 773 285 821 unitatem
300 773 429 833 operatur,
440 771 484 832 qul
501 771 563 820 terit
582 773 690 831 utraque
715 772 838 830 quebrtur
853 772 961 820 oraculo
981 771 1096 832 Denique
1119 770 1159 818 nit
1172 783 1181 817 τ
1193 770 1242 819 liu

162 853 250 889 uuunr.
267 841 317 888 lter
329 841 409 889 solunr
428 840 545 901 utrque,
560 839 605 888 sed
615 840 691 887 etiarn
715 853 798 901 ooqrres
806 841 995 901 marinianu
1004 842 1088 888 nubis
1097 852 1161 889 m.

163 920 248 959 omues
264 920 343 958 unuin
352 908 420 958 terit.
430 909 521 957 omues
531 909 600 957 enim
612 921 691 955 unum
744 908 783 956 ἢ
798 909 887 957 l'aeiiis
897 908 989 956 abbinr
1004 908 1188 970 praeoptem
1198 917 1242 955 ru·

162 991 266 1041 eorpus,
275 982 301 1028 et
309 990 387 1027 urum
396 978 513 1039 spiritura
523 990 578 1026 esse
588 976 691 1034 bosius-
715 975 815 1025 lestiurn
824 978 903 1026 senos
916 977 1059 1037 rideretur3
1068 977 1121 1025 nlsl
1132 975 1241 1036 quastio-

162 1047 204 1095 sit.
222 1049 270 1096 Per
288 1048 371 1096 omnia
394 1047 478 1096 autern
498 1046 690 1107 primogenitus,
715 1057 772 1092 uem
787 1046 888 1106 plurimi
897 1045 1241 1105 commorerent‚qnibusrs·

162 1127 221 1162 rum
231 1115 266 1164 sit
275 1115 404 1164 inanitate
414 1127 471 1163 rum
480 1115 565 1175 Patre,
576 1115 692 1173 coniunc-
715 1115 829 1174 sponderi
849 1115 946 1175 oportet
955 1126 970 1160 a
979 1114 1064 1173 nobis3
1075 1124 1110 1162 ne
1121 1110 1240 1173 simplirsr
1267 1162 1270 1169 ,

160 1182 341 1232 annum
347 1196 446 1244 semper
452 1183 503 1241 est3
514 1183 572 1243 quia
582 1182 691 1248 Verbm
716 1181 1240 1244 mentesmaliliosatnterpretatlonetrsrln-
1263 1232 1267 1237 ,

163 1252 218 1298 erat
231 1252 297 1311 apud
312 1253 400 1298 Deum.
415 1251 528 1311 Denique
545 1251 659 1309 aitalioo
669 1253 691 1297 ri
715 1254 780 1300 eant.
799 1253 912 1312 Plerique
930 1252 1014 1311 eum,
1036 1262 1147 1311 quorum
1164 1250 1240 1304 suria

161 1320 236 1366 Pater
241 1332 316 1367 usum
322 1318 575 1378 mmus3utunitateur
582 1318 630 1365 sibi
638 1329 691 1364 ms·
715 1321 826 1381 Apelles,
836 1321 901 1368 deut
911 1321 986 1368 babes
995 1320 1022 1367 in
1032 1319 1198 1380 trigeslmoot
1206 1330 1239 1367 oo·

159 1386 256 1445 instatis
274 1388 301 1435 et
315 1387 455 1434 divinitatis
474 1400 532 1435 eum
548 1388 621 1434 Patre
637 1398 690 1434 esse
715 1390 771 1436 taro
782 1390 848 1437 tunm
858 1390 927 1448 ejus,
938 1389 982 1435 bas
995 1388 1239 1451 quastiomrmt·

163 1455 318 1503 monstraret.
330 1454 378 1502 Sed
387 1457 413 1502 et
422 1467 467 1502 nos
476 1467 554 1502 unum
565 1467 619 1503 esso
626 1467 691 1515 pra-
714 1458 777 1505 nunt
787 1471 795 1503 :
806 1458 932 1516 Quomodo
941 1457 1035 1516 lignum
1045 1456 1106 1522 ritu
1117 1457 1177 1517 plus
1187 1467 1238 1516 ups-

162 1523 243 1583 eepit,
254 1524 280 1572 et
293 1536 344 1572 sure
353 1524 447 1572 naturas
457 1524 610 1584 unitatisque
620 1524 691 1571 simi·
714 1527 763 1573 rari
772 1527 871 1575 ridetur
878 1526 909 1573 ad
919 1523 1238 1591 sitammam-insufflatio

160 1593 691 1655 litudineminnosgratioeadoptlonetrans-
715 1592 1237 1653 Delibeindesibominernnonperiertu

161 1660 226 1709 indit
236 1662 339 1711 diceuu
350 1666 422 1711 Potor
431 1664 491 1712 sicui
501 1677 543 1723 epo
550 1667 573 1711 ei
582 1666 690 1711 umor
713 1661 774 1710 ierit
784 1665 878 1722 ·lieus·;
898 1661 1075 1722 munius.
1087 1661 1189 1719 ‚aaran
1199 1672 1237 1721 pti

160 1744 255 1790 umus,
272 1733 306 1780 aa
323 1735 345 1779 et
363 1734 404 1780 r'rti
419 1734 445 1780 ia
458 1732 527 1780 nobis
541 1745 616 1779 eruor
632 1725 688 1780 riri}
714 1730 992 1791 industriamproprism
1006 1727 1238 1791 pensauriensi

161 1799 223 1859 Ergo
234 1800 278 1847 ubl
288 1801 380 1847 bouum
390 1799 516 1861 praerupit,
526 1799 651 1859 tamquam
658 1798 690 1845 ad
714 1799 814 1860 virtutis
823 1799 954 1848 adsciscit:
970 1810 1055 1849 nouus
1073 1798 1177 1857 videbar
1190 1799 1237 1860 plu

161 1879 240 1915 unum
257 1868 370 1928 praeeipit
393 1867 494 1927 dicens,
518 1869 587 1915 lidos.
603 1867 690 1914 linitas
714 1866 1237 1926 sibibomoarquirere‚qurnreillenseor·

162 1935 230 1983 enirn
239 1935 396 1996 prevaricari
410 1947 460 1982 uon
470 1936 560 1995 potest.
571 1935 619 1983 Ubi
629 1948 689 1984 vero
714 1934 786 1981 tuliil
802 1935 913 1982 'lordum
927 1934 1068 1992 objiciunt:
1081 1935 1113 1983 rt
1131 1934 1155 1983 ai
1173 1934 1237 1982 bons

161 2004 194 2052 ds
205 2004 271 2066 ligno
280 2004 391 2069 scientias
400 2003 458 2051 boni
467 2006 493 2052 et
503 2004 562 2050 mali
570 2003 631 2052 dicit
641 2015 690 2051 non
713 2014 763 2049 non
772 2004 912 2064 gustarent
928 2005 1049 2063 mortem,
1065 2003 1157 2064 utique
1168 2012 1236 2064 qm

161 2084 215 2121 esse
223 2073 385 2134 gustuum,
395 2073 466 2133 quasi
476 2072 506 2119 ad
521 2073 605 2132 plures
615 2073 688 2132 dioit,
713 2083 763 2118 non
772 2071 928 2133 gustaverat,
937 2073 1002 2121 seire
1010 2085 1059 2120 non
1070 2074 1236 2133 poteratlquo

161 2143 216 2191 Non
235 2143 312 2191 editu
330 2141 401 2200 Quod
418 2142 486 2188 enim
500 2141 689 2201 prohibitorium
713 2140 791 2188 sinon
800 2142 948 2200 gustaverat,
958 2141 1099 2200 nesciolam
1114 2141 1236 2189 numda-

161 2213 212 2272 est,
222 2213 344 2272 tamquam
356 2210 470 2271 pluribus
486 2209 630 2269 imperatur.
641 2211 689 2268 Ego
713 2208 769 2267 bat,
780 2209 868 2257 timere
878 2222 928 2258 non
937 2211 1042 2270 poterat.
1056 2210 1160 2261 Frustra
1168 2209 1236 2271 igitur

160 2279 244 2329 tamen
255 2279 324 2327 aliud
333 2280 407 2340 puto,
415 2280 441 2327 et
451 2276 511 2338 quid
521 2277 632 2325 futurum
642 2279 688 2336 sit,
713 2275 780 2323 Deus
789 2277 894 2324 mortem
901 2290 945 2338 pro
953 2279 1047 2326 terrore
1055 2277 1236 2338 obierit,qesu

158 2347 251 2408 inipso
268 2348 319 2406 iam
329 2348 375 2396 Del
394 2357 506 2395 sermone
525 2346 633 2405 reperio.
651 2346 688 2392 lle
712 2344 825 2393 homines
839 2346 1027 2394 nontimebant.

161 2416 229 2464 omui
244 2416 312 2477 ligno
321 2415 468 2477 gustandum
477 2413 535 2460 lde
542 2413 587 2461 soli
597 2425 689 2474 manee·
743 2412 782 2461 29.
798 2414 925 2463 Disrrmus
937 2415 1010 2474 igitur
1020 2413 1088 2475 quod
1101 2415 1138 2462 ibi
1148 2415 1236 2476 lignun

159 2484 214 2548 pit,
223 2495 297 2544 quern
307 2484 462 2532 servaturum
471 2482 565 2530 solebat
575 2495 582 2528 ε
594 2483 625 2529 de
641 2483 689 2542 lig·
712 2481 770 2531 vila
779 2483 824 2530 ubi
835 2483 909 2530 etiarn
920 2484 1013 2543 liguum
1025 2483 1140 2531 seleutia
1150 2484 1237 2531 boniet

158 2560 195 2598 uo
213 2552 296 2599 autem
317 2550 428 2598 manbre
442 2550 502 2597 boui
517 2551 544 2597 et
558 2551 618 2597 mali
639 2563 689 2598 non
713 2552 772 2599 mali
781 2551 925 2612 produxerit
932 2552 1096 2601 [iuuantibus
1107 2553 1236 2613 enirnquir

161 2629 214 2666 esse
227 2618 373 2679 gmbndurn
379 2650 388 2675 ‚
397 2618 448 2676 iam
464 2631 516 2666 nou
531 2618 689 2678 singulariter
713 2621 828 2678 produxit
838 2623 932 2682 liguum
943 2623 1000 2670 ritae
1014 2617 1036 2666 b
1045 2636 1105 2680 μεσω
1115 2618 1157 2666 τοῦ
1166 2636 1236 2682 παρι-

158 2686 204 2736 sed
212 2686 420 2747 pluraliterdirit.
438 2683 536 2733 Sciebat
546 2686 614 2733 euim
625 2700 688 2746 prae-
711 2685 790 2749 δεισου,
798 2689 845 2738 hoe
855 2692 904 2750 est,
916 2691 942 2738 in
951 2691 1033 2739 medio
1043 2690 1162 2750 paradisi.
1172 2689 1236 2752 Aput

159 2754 323 2804 varicaturam
331 2753 475 2815 mulierem,
486 2754 512 2803 et
517 2754 572 2801 ideo
579 2767 623 2813 per
633 2757 688 2814 plu-
711 2754 1236 2821 nosenimbprruintolligitur,quodiume-

158 2823 282 2870 ralitatenr
291 2821 397 2870 ostendit
407 2834 456 2869 non
464 2822 617 2882 servaturos,
628 2825 686 2884 quia
711 2826 751 2874 dio
762 2827 913 2887 produxerit.
925 2830 986 2888 Ergo
996 2829 1022 2875 iu
1031 2829 1116 2878 medio
1125 2830 1236 2890 paradiso

157 2891 267 2952 plurium
279 2890 383 2939 discreta
391 2888 521 2939 'sententia
533 2891 578 2939 est.
711 2896 736 2942 et
742 2896 794 2943 rita
803 2897 868 2956 erat,
880 2899 905 2944 et
920 2910 994 2944 causa
1009 2898 1105 2944 mortis.
1122 2899 1234 2960 lntelliga

189 2959 228 3006 2⁷.
238 2961 268 3006 rt
276 2960 396 3019 quantum
406 2959 438 3005 ad
451 2958 610 3019 Septuaginta
619 2961 686 3008 viro-
709 2964 767 3021 quia
777 2975 826 3010 uon
833 2964 970 3013 bomolseit
977 2965 1067 3026 vitani,
1075 2966 1170 3016 sedvel
1178 2978 1235 3027 ope·

158 3037 213 3073 rum
229 3026 377 3073 senteutiam
396 3027 504 3085 specht,
522 3026 630 3074 solutum
648 3031 685 3077 est
709 3032 799 3090 rando,
817 3033 859 3081 vel
877 3033 1034 3081 cutodieudo
1051 3035 1168 3084 mandata
1191 3035 1235 3085 bel

157 3092 224 3154 quod
241 3092 363 3140 movebat.
380 3091 428 3140 Sed
448 3093 506 3152 quia
526 3094 685 3153 Symmachus
709 3100 788 3156 potuit
803 3101 924 3148 invenire.
935 3103 992 3150 Erat
1006 3102 1089 3149 auteur
1100 3106 1164 3162 nitu,
1174 3104 1234 3153 um

158 3161 291 3219 utrumque
308 3159 465 3220 singulariter
475 3160 553 3220 dixit,
565 3161 685 3225 iutelligi-
708 3167 836 3226 Apostolus
845 3168 922 3229 dixit,
933 3171 1068 3218 abscondite
1076 3185 1132 3220 cum
1145 3173 1233 3224 (imin

157 3237 214 3276 mut
229 3227 255 3275 id
273 3227 399 3288 stitutum,
417 3228 475 3288 quit
485 3229 576 3291 intere
587 3244 683 3293 quoque
708 3237 800 3283 inliso.
812 3238 889 3285 llouro
900 3250 956 3298 ergo
972 3239 1024 3286 sire
1040 3239 1167 3288 inumbra
1179 3241 1233 3290 vito

157 3295 481 3366 oumpopulumalloquitur
489 3297 564 3359 Deus,
575 3298 683 3359 singula-
708 3302 1232 3368 eratproptervitamiuturans3quiaumbn

155 3364 682 3429 rlterloquitur,sirutbnbes=Audilsrael,
708 3373 745 3418 est
761 3370 814 3419 haee
834 3385 888 3432 quas
906 3386 971 3422 nune
987 3376 1070 3425 nostra
1086 3377 1126 3424 est
1142 3377 1195 3426 rita
1207 3376 1233 3424 in

155 3434 271 3482 Dorulaus
280 3435 343 3497 Deus
354 3436 494 3492 inarmans
510 3448 572 3484 unus
587 3440 681 3497 estrei,
707 3438 786 3499 terra,
805 3439 857 3488 sire
882 3439 909 3487 ln
929 3442 1040 3501 quodum.
1053 3443 1158 3503 pignore
1177 3444 1233 3495 vioe

155 3502 242 3563 Diliges
250 3504 465 3552 Dominumlieum
475 3506 551 3552 tuum.
562 3506 611 3553 Nee
619 3506 682 3554 mibi
707 3507 772 3565 erat,
787 3508 845 3567 quia
858 3508 965 3558 babebat
975 3509 1167 3561 insufflationem
1177 3513 1232 3563 ner.

155 3568 300 3629 prejudicat
327 3568 466 3630 Symmachi
494 3572 681 3636 interpretatio,
706 3573 817 3624 Habebat
837 3576 895 3637 ergd
912 3577 1000 3638 pignus
1022 3579 1231 3631 immortalitatisr

155 3635 198 3696 qul
213 3638 422 3697 unitatem-Patris
433 3641 459 3689 et
469 3641 525 3689 Filii
536 3643 622 3690 ridere
633 3656 681 3693 non
706 3644 749 3690 sed
759 3644 785 3691 iu
796 3646 948 3694 umbrante
963 3647 1057 3706 positus
1065 3647 1232 3700 absconditam

155 3703 249 3763 potuit3
265 3704 313 3751 etsi
333 3705 463 3772 aliquoties
480 3707 507 3755 in
523 3720 636 3758 sermone
656 3715 682 3760 et
706 3710 782 3759 vitam
793 3725 850 3760 oum
866 3714 960 3762 cbristo
971 3715 997 3762 tn
1007 3716 1059 3764 beo
1069 3719 1232 3781 vulgarique-

156 3769 242 3828 Aqulla
257 3770 283 3816 et
293 3769 346 3828 ipso
362 3772 466 3821 coniessi
483 3775 542 3823 sint.
552 3778 602 3825 llee
614 3781 682 3838 quis-
706 3781 762 3828 dam
772 3782 873 3830 tartuet
882 3783 999 3843 adspectu
1010 3785 1096 3834 videre
1106 3789 1135 3836 et
1144 3801 1229 3849 rapere

155 3837 390 3898 <1¹¹¹¹¹1¹¹¹⁶⁶01tluod
403 3837 620 3899 uraranuturum
637 3860 681 3906 po-
706 3860 755 3895 uon
770 3851 874 3908 poterat.
893 3852 943 3900 Etsi
967 3854 1078 3902 nondum
1103 3858 1229 3919 peccatu,

156 3905 242 3966 pulum
255 3903 339 3953 dlvlna
349 3907 462 3954 meudun
479 3910 635 3969 singulariter
645 3918 681 3962 al·
705 3919 846 3967 nontamen
857 3921 1016 3981 incorruptae,
1033 3923 1230 3986 inviolabilisque

157 3973 354 4035 loquitur‚putet
363 3977 483 4036 superiori
489 3979 571 4027 nostro
581 3981 681 4031 obvium
706 3986 814 4045 naturae3
825 3988 910 4046 utpote
924 3990 966 4048 qui
976 3990 1059 4049 postea
1069 3996 1171 4052 peceato
1181 3995 1231 4054 lap·

156 4052 210 4090 esse
223 4042 342 4103 sormoni3
354 4044 410 4104 quia
425 4046 530 4106 populus
542 4048 680 4099 ludaeorum
705 4067 746 4102 sus
754 4056 807 4116 est,
817 4068 970 4118 nequaquam
989 4061 1073 4108 autom
1083 4061 1165 4111 adhuc
1175 4073 1230 4124 prop
