2752 4806
228 367 275 417 536
526 328 531 339 Ι
633 367 761 415 seueri
776 366 946 414 AMBROSH

226 449 316 510 populo
330 449 448 509 scriptum
464 448 502 497 est
517 462 524 495 ε
542 450 718 509 Implumes,
732 462 754 496 cc
779 461 852 496 carne
872 448 999 496 humilitas
1022 450 1048 496 et
1075 446 1242 499 divinitatem
1266 452 1317 499 uoti

227 518 307 566 ώσω
316 521 406 579 smine,
416 522 438 566 ct
453 519 564 566 nuum
579 521 627 574 cat,
639 521 662 565 ei
672 521 755 565 dereti-
779 518 933 578 humiliavit,
944 518 971 565 et
979 518 1082 578 gloriam
1092 519 1244 567 cumulavit.

227 583 562 646 quiteumquiseciteom);et
572 584 753 632 ideosomnium
808 585 848 633 tl.
863 588 976 648 Denique
994 587 1146 647 quicumque
1161 587 1257 634 tamem
1272 601 1315 649 pa·

226 653 464 702 mudredundantia
474 652 596 702 sanioris
605 653 754 713 perpetuum
780 654 922 716 tiehautur,
934 657 965 704 ad
974 656 1064 714 ioseph
1074 655 1257 704 mittebantur.
1268 657 1313 715 Qui

227 734 281 770 esse
298 735 347 770 uon
365 735 435 783 posse
447 735 454 768 :
466 722 518 769 lore
536 723 633 782 tempus
649 735 699 783 quo
714 722 754 769 his
779 726 835 772 suut
854 726 908 785 isti,
926 726 975 773 uisi
990 725 1020 773 de
1035 725 1128 785 quibus
1142 725 1244 772 dictum
1258 727 1312 774 cst:

225 790 304 840 tames
313 792 374 840 dura
385 792 536 840 mcccderct.
780 795 1313 855 convertenturudoerperum,ctfamcmpc-

256 860 296 909 59.
314 862 364 909 Nec
374 862 458 908 tamen
467 861 513 907 hoc
524 859 646 908 somnium
655 860 701 927 uui
711 860 754 907 aut
779 864 865 909 tentor
876 867 902 911 ot
913 862 997 912 conec?
1007 864 1061 910 Erat
1075 864 1164 910 autem
1176 862 1255 911 tames
1264 875 1312 911 nou

225 928 322 978 duobus
348 930 540 978 demonstratum
564 929 689 986 arbitror,
711 929 754 975 sed
779 931 851 978 unius
867 931 929 988 ioci,
944 931 1072 978 sedtotius
1082 931 1176 988 terrae3
1195 931 1311 991 quianon

226 999 340 1047 omuibus
357 999 520 1059 propositum3
532 1010 561 1045 eo
576 998 643 1057 quod
659 1000 753 1058 septem
779 1000 832 1046 erat
839 999 882 1059 qui
893 1000 985 1047 faceret
995 1000 1144 1047 bonitatem:
1158 1000 1221 1046 ldeo
1232 1001 1312 1046 Domi·

226 1068 285 1114 anui
297 1067 368 1115 istius
377 1067 463 1114 muudi
480 1067 633 1126 pingues,et
643 1066 762 1113 saeculari.
778 1078 824 1115 nus
839 1069 909 1114 lesus
924 1068 1019 1127 ieiunia
1034 1068 1163 1114 mundana
1182 1068 1311 1133 miseratus

226 1137 340 1186 ubertate
358 1137 448 1197 opimi,
466 1136 642 1183 absorbeantur
658 1136 688 1183 ab
704 1136 754 1182 illis
778 1136 875 1193 aperuit
892 1135 980 1183 horrea
1000 1147 1064 1194 sua,
1086 1136 1116 1183 et
1134 1136 1310 1199 mysteriorum

226 1203 556 1266 secutisquaeiuturasunt,
568 1204 754 1262 inquibusper·
779 1204 914 1252 eoelestium
934 1205 1071 1253 thesauros-
1082 1199 1309 1269 scientiaesapiessu·

226 1275 301 1334 petua
311 1273 399 1333 quies,
410 1277 435 1321 et
446 1273 507 1332 lepis
517 1273 670 1320 observantia
680 1273 754 1331 spiri·
778 1272 868 1332 tiaeque
882 1273 1000 1333 patefecit
1017 1272 1194 1332 absconditos3
1205 1273 1235 1319 ut
1251 1273 1308 1320 nulli

228 1342 380 1402 talie‚quam
389 1343 500 1401 Ephraem
514 1342 557 1387 illa
565 1341 644 1388 tribus
654 1343 753 1401 patrum
778 1341 894 1389 alimenta
904 1342 1025 1389 deessent.
1036 1340 1109 1388 Dixit
1124 1342 1198 1387 euim
1213 1342 1309 1402 Sapien-
1340 1378 1343 1383 .

226 1409 280 1458 Deo
297 1410 420 1457 fructuosa
441 1410 555 1456 custodit.
576 1412 643 1456 Bona
662 1422 753 1468 vacca,
779 1412 832 1458 tia:
845 1412 939 1467 Venite,
957 1411 1015 1457 edric
1028 1423 1102 1470 ponec
1117 1423 1195 1457 mcor.
1214 1412 1244 1458 ut
1259 1411 1308 1460 idco

226 1489 276 1524 non
291 1477 335 1524 illa
352 1489 468 1536 corporeo
483 1477 590 1524 distenta
606 1478 699 1536 ubere,
712 1477 754 1524 sed
779 1480 809 1526 ab
820 1491 850 1526 eo
864 1480 915 1525 solo
926 1477 1017 1525 dicitur
1028 1491 1035 1524 z
1046 1480 1167 1526 Dominus
1179 1483 1307 1540 poscitnc,

227 1545 353 1594 abundans
364 1545 479 1605 spiritalis
489 1546 559 1593 lactis
571 1546 703 1604 etgratiae,
714 1558 755 1592 su·
779 1551 801 1595 ct
820 1548 878 1594 aiiii
897 1547 957 1593 milii
976 1548 1047 1594 doerit
1056 1579 1065 1604 ,
1085 1546 1131 1605 qui
1152 1549 1280 1596 saturatur
1295 1562 1307 1596 a

227 1628 273 1676 per
283 1615 353 1674 cujus
363 1615 474 1662 decorem
483 1614 586 1661 cervicis
593 1614 659 1660 Deus
668 1614 754 1662 sedere
779 1616 883 1663 Christo.
894 1615 995 1674 Aperuit
1006 1627 1063 1675 ergo
1074 1615 1169 1662 horrea
1181 1629 1227 1663 sua
1236 1619 1308 1665 chris·

228 1697 255 1732 se
267 1684 340 1744 dicit,
351 1686 378 1732 ui
387 1684 504 1743 scriptum
513 1683 551 1729 est
562 1697 569 1729 ε
580 1683 691 1742 Epirum
699 1697 756 1730 voc·
780 1688 834 1744 tus,
850 1684 876 1731 et
890 1683 1027 1741 vendebat,
1042 1696 1095 1730 non
1113 1697 1166 1731 aera
1186 1687 1306 1746 pecunia,

228 1767 257 1800 co
274 1755 342 1801 docto
358 1754 451 1813 ditipcrc
467 1754 598 1799 victoriam.
614 1752 665 1812 liqo
677 1754 755 1798 autem
780 1754 823 1799 sed
831 1753 888 1800 tidei
897 1752 1019 1812 pretium,
1029 1753 1054 1799 et
1062 1752 1211 1800 devotionis
1223 1756 1307 1815 stipen-

229 1823 404 1881 troocioicopcr
416 1823 519 1868 decorem
531 1822 691 1877 cervicisque.
703 1821 755 1866 Nou
780 1822 847 1868 dium
865 1833 985 1882 quaereus.
1002 1820 1134 1868 Vendebat
1157 1823 1246 1870 autem
1265 1835 1306 1871 uon

228 1901 287 1947 erqo
306 1889 442 1949 impinguet
461 1889 533 1948 caput
547 1888 657 1935 nostrum
673 1890 756 1935 oleum
779 1889 1306 1950 paucisinludaearsedvendebatomnibus,

228 1958 377 2018 peccatoris,
395 1970 442 2005 uec
452 1957 508 2005 taisi
523 1956 617 2004 fructus
633 1957 756 2004 delectare
780 1962 807 2008 ut
822 1961 853 2007 ab
868 1959 990 2007 universis
1003 1959 1148 2008 nationibus
1159 1961 1306 2010 crederetur.

228 2037 274 2073 uos
290 2027 393 2087 debent,
410 2039 442 2074 ne
462 2026 558 2075 dicatur
576 2025 647 2074 etde
665 2026 755 2073 uobisc
805 2026 845 2075 ii.
870 2030 998 2076 atomos
1020 2024 1129 2088 reqioaes
1151 2024 1307 2078 meraco

229 2092 364 2145 Scmioaotis
372 2098 525 2158 impietatem,
536 2098 558 2142 et
565 2095 756 2154 iniquitatesque
779 2099 904 2157 AEqyptum
914 2097 945 2144 od
962 2097 1046 2156 decepit
1062 2109 1155 2157 cmcrc,·
1173 2097 1308 2147 obtinuerat

228 2166 395 2214 mademtoatic.
421 2166 568 2212 manducasti
586 2163 688 2221 inceium
709 2162 756 2221 foi·
780 2164 1110 2213 enimlames.0mueseuim
1119 2165 1307 2228 esuriunt,quoe

229 2246 296 2290 rom,
306 2235 363 2294 quio
372 2235 470 2294 sperant
485 2235 510 2279 io
524 2231 630 2279 cortibus
641 2233 695 2279 tuta.
706 2231 755 2278 Nec
780 2246 828 2280 uon
837 2233 934 2294 paverit
943 2233 1060 2280 Christus.
1068 2234 1191 2282 Emamus
1203 2247 1260 2295 erpo
1267 2236 1307 2282 ali·

229 2303 364 2350 memoret
382 2302 447 2362 quod
460 2300 536 2348 habet
552 2301 631 2360 spicas
648 2312 755 2359 macras,
779 2306 877 2362 menta,
891 2302 1081 2363 quibuslamem
1096 2303 1307 2364 possimus'repel-

231 2370 258 2418 et
267 2373 342 2419 vento
352 2372 490 2431 corruptam
503 2370 560 2430 quia
573 2372 599 2417 et
608 2369 688 2416 David
697 2370 755 2416 tuuc
779 2373 839 2419 lere.
852 2375 927 2420 Nemo
937 2370 1091 2430 paupertatis
1101 2383 1153 2419 suae
1162 2373 1307 2434 contempla·

231 2438 756 2499 meliorerat,quandosioutaraueatabes·
779 2443 847 2488 tione
865 2442 1009 2499 revocetur3
1032 2452 1107 2487 nemo
1130 2443 1253 2489 vereatur
1271 2442 1306 2502 qui

231 2508 321 2555 cehat:
335 2509 360 2554 et
373 2508 473 2566 spiritus
489 2507 665 2556 contribulatus
683 2506 756 2552 sacri·
776 2511 907 2570 ¹argentum
918 2508 1060 2556 nonhabet.
1071 2510 1307 2569 Nonquaeritclnis·

231 2574 315 2620 licium
333 2575 379 2621 Dei
400 2575 453 2633 est3
472 2576 498 2621 et
519 2575 556 2620 illi
578 2574 757 2633 prestantiores
780 2580 819 2626 tus
829 2579 970 2638 argentum,
987 2577 1031 2624 sed
1049 2577 1124 2624 tidem
1140 2581 1306 2638 quaeargeuto

232 2643 354 2702 evadunt,
369 2655 430 2703 quos
444 2644 470 2689 iu
486 2644 531 2689 hoc
543 2643 631 2689 saeculo
642 2643 757 2702 gravibus
779 2649 909 2709 pretiosior
915 2648 960 2695 est.
966 2647 1078 2705 Denique
1085 2647 1148 2694 emit
1154 2649 1214 2694 caui
1220 2651 1306 2707 Petrus,

231 2710 331 2769 iniuriis
338 2712 438 2772 spiritus
448 2712 568 2771 malignus
580 2711 700 2757 exercuit.
779 2715 881 2773 quinon
896 2714 1002 2762 habebat
1012 2714 1151 2772 argeutum.
1167 2717 1306 2776 deuectam,

266 2779 306 2830 td.
326 2783 397 2829 Unde
417 2783 494 2841 magis
515 2782 618 2841 mystica
638 2781 756 2828 meruisse
780 2783 874 2843 inquit,
885 2787 907 2831 ct
918 2796 1003 2830 uorum
1013 2795 1061 2829 oon
1077 2782 1155 2830 hoico
1173 2798 1183 2831 .·
1199 2787 1240 2832 sed
1254 2786 1307 2845 quod

231 2851 332 2911 praemia
346 2852 436 2912 loseph
452 2850 570 2909 arbitror,
581 2851 681 2910 quiade
693 2864 757 2910 mys
780 2853 869 2909 liabeo,
880 2855 909 2900 do
926 2853 975 2899 tibi.
986 2854 1014 2899 la
1033 2852 1129 2898 oomioc
1148 2854 1209 2900 Jcro
1230 2853 1308 2900 Christi

232 2921 288 2967 tisis
306 2923 343 2969 est
362 2922 465 2968 locutus.
486 2920 550 2979 Quid
567 2921 634 2967 euim
645 2919 693 2967 sibi
704 2921 757 2966 vult
779 2935 861 2981 corpe,
879 2924 901 2970 et
918 2920 1021 2968 ambulo.
1041 2920 1070 2965 ut
1088 2920 1217 2978 propheta
1232 2921 1306 2968 Fsaias

232 2990 337 3036 antidius
355 2990 430 3048 digito
452 2989 507 3048 ejus
527 2990 648 3046 insertus,
663 2988 711 3035 uisi
731 2991 757 3035 ut
780 2990 858 3036 dicit:
871 2989 1048 3052 Quisiiitis,ite
1063 2989 1094 3035 od
1106 3003 1214 3049 aquom3
1229 2990 1308 3049 etqui·

232 3057 398 3116 intelligamus
416 3058 583 3117 pontificatum
594 3058 619 3104 ei
634 3057 691 3104 lidei
704 3070 757 3104 esse
780 3072 929 3120 cumqueuon
938 3058 1025 3105 iubetis
1033 3059 1174 3116 arpentum,
1184 3061 1229 3116 ite,
1237 3061 1307 3114 emite,

232 3123 352 3184 delatum,
367 3127 395 3172 ut
412 3127 471 3172 alios
490 3126 544 3184 ipse
558 3126 756 3184 signaretiouid
780 3133 801 3176 ot
812 3129 894 3186 bibite,
911 3131 934 3175 ct
950 3129 1088 3174 cuoaiducote
1100 3140 1109 3172 .·
1120 3128 1192 3174 emite
1206 3129 1256 3175 sine
1271 3141 1308 3175 ou·

231 3193 306 3250 stola,
317 3207 372 3252 quae
389 3193 490 3240 amictus
501 3195 537 3241 est
555 3194 682 3252 sapientiae
691 3227 699 3253 ,
709 3196 756 3241 nisi
780 3202 846 3257 penio
857 3201 879 3245 ct
886 3199 961 3258 pretio
971 3198 1051 3244 viuum
1058 3228 1065 3252 ,
1076 3197 1100 3241 et
1111 3196 1217 3255 adipem.
1229 3196 1307 3255 Neque

231 3261 352 3310 tributum
360 3263 383 3309 ei
392 3263 423 3308 ab
432 3263 474 3309 illo
482 3275 539 3321 rege
548 3263 641 3309 coelesti
650 3263 757 3322 pruden-
781 3266 847 3312 euim
869 3266 978 3324 pretium
995 3263 1109 3323 quaesivit
1128 3276 1142 3311 a
1159 3264 1250 3324 uobis,
1268 3262 1307 3324 qui
1349 3286 1353 3304 ι

231 3330 273 3379 tiae
281 3331 461 3392 principatum?
469 3333 577 3391 Torques
585 3330 674 3378 aureus
684 3332 757 3379 intel·
780 3347 824 3394 pro
835 3334 906 3381 uobis
913 3332 1039 3394 sauguinis
1050 3332 1088 3380 sui
1099 3333 1214 3392 pretium
1225 3333 1306 3390 solvit3

231 3399 324 3447 lectum
334 3401 423 3448 bonum
434 3401 532 3449 videtur
543 3402 691 3459 exprimere.
701 3402 758 3449 Cur·
780 3402 896 3463 quianon
911 3414 970 3449 auro
982 3403 1007 3448 et
1017 3401 1136 3460 argento,
1148 3401 1194 3448 sed
1204 3401 1307 3462 pretioso

231 3481 273 3516 rus
282 3482 379 3530 quoque
390 3470 509 3529 siguificat
519 3469 642 3528 fastigium
653 3470 757 3518 sublime
780 3484 824 3518 nos
834 3471 940 3518 redemit
950 3470 1075 3530 sanquine.
1087 3471 1151 3529 Ergo
1162 3471 1191 3518 id
1204 3471 1308 3530 pretium

231 3541 384 3587 meritorum.
395 3541 454 3598 Quis
463 3541 545 3587 autern
557 3539 645 3599 estqui
657 3552 689 3586 ex
697 3553 757 3598 gen-
780 3540 856 3586 debes
866 3552 913 3599 quo
922 3540 1002 3586 emtus
1013 3550 1053 3597 es3
1063 3538 1089 3584 et
1099 3539 1121 3585 si
1133 3538 1178 3585 iile
1186 3550 1235 3584 nou
1246 3544 1309 3584 sem·

231 3607 298 3654 tibus
306 3609 401 3667 accepit
409 3621 511 3655 uxorem
516 3609 565 3655 nisi
573 3608 615 3667 qui
624 3608 756 3655 Ecclesiam
781 3621 824 3668 per
833 3608 930 3666 exigat,
939 3609 967 3654 tu
977 3609 1060 3653 tamen
1070 3606 1158 3655 debes.
1167 3608 1228 3652 Eme
1236 3605 1309 3664 igitur

232 3686 266 3721 ex
276 3676 416 3724 nationibus
426 3677 473 3723 sibi
484 3677 655 3736 congregavit,
668 3678 693 3724 et
704 3691 757 3725 sus·
781 3677 826 3723 tibi
835 3676 956 3723 Christum
962 3686 1012 3722 uon
1019 3686 1048 3721 eo
1055 3674 1122 3733 quod
1130 3675 1204 3734 pauci
1211 3675 1308 3733 habent,

232 3743 299 3800 cepit
309 3755 341 3788 ex
350 3755 379 3789 ea
387 3744 465 3790 tilium
476 3747 615 3803 Manassen,
626 3757 672 3805 per
683 3758 756 3804 quom
781 3745 824 3791 sed
835 3743 938 3802 eoquod
949 3754 1033 3790 omncs
1043 3743 1148 3789 habent.
1160 3743 1254 3790 Omnes
1269 3744 1310 3790 ha-

233 3809 323 3857 oblitus
332 3811 368 3856 ost
378 3823 461 3858 omnes
469 3812 565 3859 dolores
577 3826 633 3860 suos
642 3826 702 3872 quos
713 3815 757 3860 ha·
781 3814 840 3860 hent
851 3826 895 3872 per
912 3813 1041 3871 naturam,
1059 3813 1133 3871 pauci
1149 3813 1309 3872 olteruutper

231 3879 286 3927 buit
296 3879 329 3925 de'
337 3879 470 3937 sacrilegiis
480 3880 634 3927 iudaeorum?
645 3883 757 3942 Suscepit
781 3883 902 3928 timorem.
920 3880 995 3926 Suum
1012 3881 1049 3927 est
1058 3881 1149 3939 quoda
1164 3882 1192 3928 te
1204 3881 1309 3928 Christus

232 3947 307 3993 alium
316 3943 412 4005 quoque
420 3945 497 3991 tilium
505 3947 625 4005 Ephrem,
634 3961 679 4006 per
688 3945 756 4006 cujus
780 3949 894 4007 reposcit.
917 3950 970 4007 lpse
992 3949 1067 3994 vitam
1089 3949 1207 3996 omuibus
1228 3949 1309 4004 dedit,

232 4015 368 4076 profectum
394 4015 481 4066 claruit
509 4016 573 4078 quod
597 4019 756 4079 susceptam
782 4018 832 4080 ipso
843 4030 887 4078 pro
898 4017 1011 4066 omuibus
1019 4018 1123 4066 mortem
1131 4029 1203 4066 suam
1214 4017 1309 4067 obtulit.
