2752 4806
526 481 715 528 llPthLlNO
726 483 819 528 t'l'ln.
1071 489 1072 492 ’
1181 485 1234 530 ΙΙΙ·

136 558 279 628 episcopo,
292 561 420 631 essetque
432 558 549 615 illlcura
567 561 696 617 sedandae
705 560 864 628 seditionis,
875 575 911 619 ne
926 561 1044 634 populus
1055 560 1175 619 civitatis
1186 563 1216 620 in
1242 547 1244 550 ⁵
1303 615 1310 621 .
1337 587 1340 590 ⁴

135 636 291 704 periculum
303 637 347 692 sui
358 640 531 705 verteretur,
545 639 668 708 perrexit
679 639 716 694 ad
727 639 895 695 Ecclesiam:
908 641 1003 711 ibique
1016 655 1079 695 cum
1088 641 1215 712 alloque-

136 715 213 769 retur
222 716 347 784 plebem,
360 715 452 771 subit-o
462 730 516 772 ros
526 716 617 772 fertur
628 716 742 772 infantis
754 718 783 771 in
795 719 897 789 populo
906 719 1030 774 sonuisse
1041 719 1215 774 Ambrosium
1269 731 1270 734 ’

133 793 305 862 episcopum.
314 794 443 865 Adeujus
450 795 527 850 ¹vocis
537 809 635 850 sonum
641 796 726 850 totius
735 798 829 866 populi
839 811 887 852 ora
897 812 1029 853 conversa
1037 797 1116 863 sunt,
1126 798 1216 852 accla-

132 872 233 926 mantis
240 873 414 928 Ambrosium
420 875 591 945 episcopum
602 875 641 929 ita
647 875 696 945 qui
705 876 1029 931 anteaturbnlentissime
1035 875 1213 934 dissidebant,

95 1011 99 1019 g
133 951 198 1021 quia
208 953 237 1006 et
247 952 350 1006 arriani
361 953 414 1007 sibi
426 956 454 1008 et
466 953 594 1008 catholici
608 953 660 1007 sibi
673 954 834 1023 episcopum
846 954 1010 1022 cupiebant,
1023 954 1160 1022 superatis
1171 954 1214 1008 al-

131 1031 262 1096 terutris,
275 1031 413 1098 ordinari,
423 1032 540 1103 repente
552 1031 581 1086 in
589 1031 762 1087 huncunum
770 1031 892 1086 mirabili
901 1032 930 1089 et
938 1031 1093 1088 incredibili
1102 1044 1215 1088 concor-

132 1107 177 1163 dia
189 1113 397 1166 consenserunt.

166 1190 193 1243 7.
206 1192 266 1257 Quo
283 1191 331 1246 ille
344 1190 472 1261 cognito,
489 1205 617 1262 egressus
634 1190 799 1257 Ecclesiam,
815 1190 938 1253 tribunal
953 1190 1005 1246 sihi
1021 1190 1114 1262 parari
1130 1189 1213 1257 iecit;

129 1268 235 1338 quippe
245 1283 310 1323 mon
318 1266 429 1325 lutur'us
439 1272 598 1341 episcopus,
611 1271 710 1325 altiora
723 1272 882 1327 conscendit
895 1286 902 1324 :
913 1274 980 1326 tune
990 1275 1212 1326 contraeonsue-

132 1346 258 1401 tudinem
269 1362 347 1402 suam
359 1350 494 1404 tormenta
496 1350 578 1418 jussit
586 1349 710 1418 personis
720 1349 857 1404 adhiberi.
869 1350 948 1418 Quod
957 1365 1021 1405 cunr
1033 1348 1153 1415 iaceret,
1163 1362 1213 1419 po-

132 1426 214 1494 pulus
225 1425 403 1480 nihilominus
415 1427 584 1482 acclamabat
596 1442 603 1480 :
614 1448 630 1476 c
642 1429 791 1482 Peccatum
804 1428 885 1483 tuum
896 1442 980 1499 super
990 1442 1050 1482 nos.
1063 1449 1078 1477 »
1091 1428 1145 1483 Se'd
1156 1442 1212 1483 non

129 1504 259 1560 similiter
270 1506 293 1560 is
305 1507 423 1577 populus
437 1508 504 1562 tuuc
521 1507 666 1573 clamavit,
678 1508 751 1561 sicut
762 1509 880 1580 populus
892 1507 1050 1562 Judaeorum
1057 1523 1066 1574 3
1084 1508 1124 1562 illi
1136 1508 1212 1563 enim

131 1584 243 1640 vocibus
255 1585 312 1640 suis
321 1584 484 1655 sanguinem
492 1585 667 1640 bominicum
678 1583 854 1652 effuderunt,
864 1586 988 1642 dicentes
1000 1601 1007 1640 :
1021 1587 1144 1654 Sanguis
1154 1583 1211 1640 bro·

125 1659 178 1730 jus
185 1663 399 1731 supernomen
408 1677 474 1719 vero
483 1665 716 1720 catechumenum
722 1663 935 1730 scientes,'fideli
943 1679 1011 1720 voce
1020 1665 1211 1720 remissionem

129 1739 170 1793 illi
178 1742 356 1809 peccatorum
367 1742 490 1796 omnium
496 1756 547 1812 per
554 1742 727 1813 baptismatis
734 1743 851 1813 gratiam
860 1744 1067 1812 promittebant.
1078 1746 1155 1797 lunc
1164 1742 1211 1798 ille

130 1819 258 1874 turbatus
274 1821 416 1876 revertens
428 1820 554 1886 domum,
573 1821 774 1891 philosophiam
785 1820 910 1891 profiteri
921 1823 1025 1888 voluit,
1038 1821 1150 1877 iuturus
1161 1820 1211 1888 sed

131 1913 212 1954 verm
222 1898 400 1969 philosophus
414 1900 513 1954 Christi
523 1940 530 1966 ,
541 1900 590 1970 qui
602 1899 748 1955 contemtis
759 1900 941 1955 saecularibus
950 1900 1073 1970 pompis,
1087 1899 1210 1970 piscato·
1260 1896 1266 1901 ’

130 1992 193 2032 rum
208 1981 377 2049 sequuturus
394 1981 468 2035 esset
483 1979 615 2049 vestigia,
631 1978 681 2049 qui
699 1978 806 2035 Christo
816 1980 931 2049 populos
943 1979 1144 2050 congregarunt
1155 1992 1210 2032 non
1280 2042 1286 2049 g

130 2056 202 2112 lucis
211 2059 375 2125 verborum,
387 2058 436 2114 sed
445 2058 563 2129 simplici
573 2073 699 2114 sermone
709 2099 716 2124 ,
728 2060 756 2112 et
764 2073 838 2114 verae
849 2057 914 2115 fidei
926 2059 1049 2125 ratione,
1060 2059 1137 2114 missi
1149 2057 1209 2114 slne

130 2151 212 2207 pera,
230 2139 290 2193 sine
307 2138 398 2208 virga,
412 2137 498 2194 etiam
515 2137 588 2207 ipsos
602 2138 777 2207 philosophos
794 2139 999 2194 converterunt.
1018 2137 1096 2206 Quod
1114 2136 1208 2192 ubine

129 2216 249 2284 taceret,
259 2219 403 2274 revocatus
412 2219 454 2274 est
461 2234 469 2284 ;
479 2217 603 2290 publicas
613 2217 745 2273 mulieres
754 2219 866 2289 publice
876 2218 911 2272 ad
920 2232 950 2273 se
962 2217 1070 2287 ingredi
1081 2215 1163 2281 lecit,
1174 2215 1210 2269 ad

129 2297 182 2350 hoc
193 2297 316 2363 tantum,
328 2298 360 2351 ut
371 2298 436 2352 visis
447 2297 506 2362 his,
519 2296 615 2368 populi
626 2296 744 2352 intentio
759 2298 946 2352 revocaretur.
966 2298 1001 2350 At
1012 2308 1079 2349 vero
1089 2294 1208 2363 populus

129 2377 216 2448 magis
227 2377 370 2448 magisque
379 2376 515 2431 clamabat
525 2386 533 2429 t
544 2397 559 2424 κ
569 2377 719 2430 Peccatum
729 2376 810 2429 inum
821 2388 905 2443 super
916 2389 975 2428 nos.
990 2394 1005 2421 n

162 2456 189 2511 ts
200 2456 235 2510 At
246 2456 292 2510 ille
304 2470 369 2510 cum
380 2454 490 2509 videret
502 2453 572 2507 nihil
582 2453 763 2507 intentionem
775 2465 852 2507 suam
864 2465 943 2521 posse
954 2450 1103 2522 proficere,
1114 2451 1208 2522 lugam
1221 2466 1226 2472 ⁴

128 2534 237 2604 paravit
250 2550 256 2587 :
274 2547 455 2604 egressusque
467 2530 555 2586 noctis
571 2529 661 2585 medlo
674 2530 828 2597 civitatem,
843 2533 902 2585 tum
913 2531 1039 2586 Ticinum
1049 2546 1080 2586 sc
1091 2545 1208 2601 pergere

129 2614 254 2683 putaret,
271 2627 352 2668 mane
372 2612 408 2667 ad
423 2612 532 2682 portam
549 2610 668 2666 civitatis
680 2610 903 2677 Mediolanensis,
921 2627 983 2683 quae
995 2615 1116 2666 Romana
1134 2607 1207 2666 dici-

128 2692 192 2758 tur,
205 2691 359 2757 invenitur;
372 2695 446 2746 Deus
460 2690 536 2746 enim
547 2689 598 2761 qui
609 2689 739 2745 Ecclesiae
752 2705 810 2745 suae
821 2690 962 2745 catholicae
971 2705 1083 2745 murum
1092 2691 1208 2760 parabat

127 2772 259 2827 adversus
274 2770 399 2825 inimicos
414 2783 496 2834 suos,·
508 2770 537 2824 et
551 2771 658 2823 turrem
676 2768 802 2837 erigebat
816 2768 904 2823 David
924 2772 1020 2823 contra
1035 2769 1136 2823 taciem
1148 2773 1207 2824 ba-

129 2850 227 2916 masci,
239 2851 291 2904 hoc
301 2851 356 2915 est,
370 2851 465 2904 contra
477 2845 622 2918 perfidiam
636 2847 844 2912 hereticorum,
857 2845 953 2917 lugam
966 2847 1040 2901 illins
1051 2847 1205 2920 impedivit.

129 2928 181 2998 Qui
193 2928 337 2994 inventus,
351 2942 415 2982 cum
426 2925 611 2982 custodiretur
622 2941 638 2981 a
649 2926 766 2997 populo,
785 2925 868 2981 missa
879 2925 977 2981 relatio
987 2926 1029 2980 est
1038 2925 1074 2979 ad
1083 2927 1207 2982 clemen-

129 3008 264 3063 tissimum
275 3008 472 3077 imperatorem
479 3006 546 3061 tunc
555 3007 797 3071 Valentinianum,
809 3005 861 3077 qui
869 3020 977 3060 summo
986 3005 1089 3077 gaudio
1100 3007 1207 3078 accepit

129 3088 202 3159 quod
214 3087 299 3158 J‘uden
311 3103 327 3142 a
340 3101 370 3143 se
386 3087 510 3142 directus
526 3087 561 3141 ad
577 3086 761 3142 sacerdotium
776 3086 928 3157 peteretur.
949 3087 1104 3141 Laetabatur
1122 3088 1207 3141 etiam

129 3169 232 3224 Probus
241 3167 402 3240 praelectus,
416 3168 490 3240 quod
504 3168 621 3224 verbum
634 3168 694 3238 ejus
710 3167 873 3236 impleretur
884 3166 913 3220 in
926 3166 1069 3220 Ambrosio
1076 3182 1084 3232 ;
1097 3166 1207 3222 dixerat

128 3247 203 3302 enim
217 3246 416 3316 proficiscenti,
435 3261 499 3302 cum
516 3245 645 3300 mandata
665 3247 699 3300 ab
716 3246 813 3301 eodem
828 3245 976 3311 darentur,
995 3245 1027 3299 nt
1042 3245 1125 3299 moris
1139 3246 1202 3300 est:

129 3347 144 3374 α
156 3326 244 3392 Vade,
261 3341 311 3397 age
324 3341 379 3380 non
391 3328 423 3380 ut
430 3325 533 3401 judex,
543 3325 595 3380 sed
605 3327 637 3380 ut
650 3326 804 3394 episeopus.
818 3345 834 3374 o

129 3435 132 3439 ²
160 3412 186 3466 9.
200 3410 338 3467 Pendente
350 3410 444 3482 itaque
453 3409 603 3475 relatione,
616 3408 720 3464 iterum
731 3408 825 3479 lugam
837 3409 958 3479 paravit,
969 3408 1052 3479 atque
1062 3409 1091 3461 in
1100 3421 1207 3477 posses-

127 3491 203 3545 sione
215 3489 357 3560 cujusdam
365 3489 471 3544 Leontii
480 3487 625 3542 clarissimi
634 3487 687 3541 viri
699 3487 869 3558 aliquamdiu
880 3474 999 3540 delituit.
1012 3486 1065 3541 Sed
1073 3486 1121 3540 ubi
1130 3487 1206 3542 rela-

127 3569 195 3625 tioni
205 3583 367 3639 responsum
375 3569 430 3634 est,
443 3568 478 3622 ab
491 3567 589 3621 eodem
600 3566 712 3620 Leontio
724 3566 851 3634 proditur
858 3580 866 3630 3
879 3567 1049 3635 praeceptum
1061 3565 1136 3622 enim
1147 3570 1206 3623 erat

126 3647 229 3705 vicario
246 3650 279 3704 ut
298 3647 437 3702 insisteret
455 3646 538 3701 rebus
556 3643 730 3714 perficiendis
748 3658 755 3696 :
770 3642 819 3713 qni
836 3644 959 3714 iniuncta
974 3644 1027 3699 sibi
1046 3660 1110 3701 cum
1123 3648 1206 3703 vellet

127 3729 256 3801 implere,
266 3727 404 3798 proposito
415 3726 521 3791 edicto,
535 3724 664 3779 convenit
675 3724 824 3789 omnes,‘ut
836 3724 859 3778 si
871 3725 974 3779 vellent
984 3725 1037 3778 sibi
1046 3727 1203 3791 consulere,

127 3808 265 3880 rebusque
278 3807 351 3873 suis,
364 3805 514 3876 proderent
529 3803 631 3860 virum·
645 3803 771 3862 Proditus
785 3804 880 3876 itaque
890 3804 918 3859 et
927 3802 1064 3860 adductus
1073 3804 1205 3861 llediola-

126 3961 208 4008 »longe
216 3963 300 4009 superat
309 3959 356 4000 talis
367 3963 470 3999 conatus:
482 3962 504 3997 at
518 3968 555 3997 vos
569 3960 608 4007 qni
621 3958 695 3996 divina
710 3957 779 4005 qratia
791 3956 898 4002 decorati,
912 3960 934 3993 et
950 3954 991 3994 boc
1004 3954 1080 3994 eodem
1094 3952 1205 4002 splendore
1250 3940 1256 3953 '

126 4033 137 4050 ι
147 4018 218 4056 donati
227 4018 283 4065 estis,
292 4018 359 4064 magis
366 4026 462 4064 congrue
471 4016 544 4054 ieratis
552 4015 690 4064 suffragium.
700 4031 708 4045 ιι
720 4015 757 4053 Isti
767 4015 835 4062 igilur
843 4013 895 4050 bine
907 4015 1008 4051 exeuntes
1020 4013 1077 4059 apud
1090 4021 1110 4046 se
1123 4007 1204 4045 delibe-

127 4079 237 4115 raverunt.
247 4075 306 4116 moa
317 4085 380 4123 porro
390 4074 448 4113 ilum
457 4073 517 4112 urbis
526 4073 651 4112 seditionem
659 4073 718 4112 inter
727 4081 747 4112 se
760 4070 937 4112 commovebant.
947 4068 970 4107 hi
979 4068 1069 4116 (ιιιὶιιοιιι
1081 4065 1161 4111 illum,
1171 4063 1204 4102 illi

125 4126 199 4173 autern
209 4133 267 4172 bunc
278 4132 373 4182 praeponi
382 4129 539 4182 contendentes.
1043 4187 1060 4228 a
