2752 4806
164 422 208 470 eis
402 472 405 479 ,
547 419 675 465 sineri
696 419 866 464 lunnosrr

341 523 517 576 (mm-v·
580 537 582 545 .
712 501 749 547 tui
774 500 912 548 viventium
939 498 1091 558 receperunt
1117 492 1249 548 consortio.

712 569 780 616 Unde
795 570 821 616 et
837 566 952 616 Centurio
970 565 1093 615 aittVere
1111 569 1159 616 Dei
1176 569 1250 618 Filius

158 641 228 678 neum
245 638 316 677 locine
331 635 413 677 montes
429 639 595 684 inveterascere,
609 639 631 678 td
646 641 686 680 est.
711 640 763 684 crat
782 639 833 685 iste.
850 635 967 683 Centurio
989 635 1099 694 agnoseit
1120 635 1248 698 alienum,

179 756 264 786 sensum
281 749 428 784 convertisse:
445 744 543 788 Judaeos.
556 744 615 792 quod
631 745 687 783 illud
1019 771 1024 782 .
1113 773 1119 782 .
1166 773 1172 783 .

119 799 122 807 ·
180 801 340 850 ignoraverint,
349 799 477 838 amn„
492 809 586 839 „om
599 799 626 838 on
638 810 687 847 m
710 772 976 831 veneratur‚ilebraeus
986 771 1155 829 ebJuratdton
1165 786 1249 821 imme·

178 855 235 902 digia
248 864 299 902 que
313 853 393 893 consu
406 855 502 891 mortem
513 857 563 891 sunt
575 854 686 899 comitam
711 841 759 887 rito
768 854 824 901 ergo
834 842 955 888 columns
965 839 1031 886 orbis
1042 840 1168 888 terrarum
1178 843 1248 890 motae

181 907 216 946 eeu
226 908 318 946 maimo
334 907 362 944 ⁰¹>
376 907 424 944 ⁸⁰¹1·
437 906 574 944 decetionem
585 916 635 954 (ιω
647 906 687 943 ‹10-
711 909 879 969 sunt,quand0
888 920 936 953 non
948 907 1110 962 crediderunt
1119 911 1247 970 principes

180 959 687 1062 ffifflpffliffi'g'ssfflffiffffssnssff‘ffi
711 979 872 1026 sacerdotum.
881 976 929 1024 Sed
940 976 1012 1024 motae
1023 979 1083 1024 sunt
1095 979 1207 1038 veteres,
1219 980 1248 1027 ut

181 1068 207 1105 de
217 1066 345 1106 titubatione
357 1067 429 1112 Petri,
437 1076 461 1104 ac
472 1066 498 1104 de
506 1067 640 1104 conterendis
648 1077 688 1104 na-
710 1060 780 1095 liovae
794 1045 1004 1104 ⁰⁰llflfffl³fessiith
1018 1046 1084 1093 sicut
1097 1044 1151 1105 ipse
1162 1044 1248 1106 iligna·

180 1121 243 1158 suus
251 1120 350 1167 Thateis,
358 1119 534 1168 quibuscorpera
542 1124 613 1158 nostra
622 1120 688 1169 desie·
711 1118 751 1164 tus
759 1116 796 1162 est
806 1116 888 1162 dicere
898 1127 905 1159 t
915 1115 965 1172 Epo
976 1115 1115 1171 confirmavi
1126 1115 1247 1165 colomnae

179 1178 270 1213 nentur.
711 1187 768 1244 cies.
777 1184 839 1231 lludl
847 1195 907 1243 quas
917 1182 1043 1229 columnas
1054 1182 1247 1234 confirmaverit.

187 1255 282 1312 i2.Qo1
293 1255 350 1302 sunt
360 1254 427 1301 enim
438 1255 533 1302 montes
545 1265 606 1313 quos
616 1252 687 1299 inve·
711 1256 795 1302 Petrus
805 1256 827 1301 et
837 1252 937 1300 tuentes
948 1254 969 1299 et
980 1251 1101 1299 tolloneos
1106 1284 1116 1310 ,
1129 1254 1172 1312 qni
1189 1255 1248 1300 oide-

156 1324 278 1370 terascere
290 1323 363 1381 lacit,
375 1323 423 1369 nisi
434 1324 541 1382 Moyses,
558 1321 649 1379 Aaron,
662 1321 687 1367 et
712 1322 799 1370 bantur
812 1322 925 1368 columnae
935 1333 999 1376 este,
1010 1321 1123 1368 dexteros
1138 1323 1248 1370 dedecent

155 1391 232 1447 iilius,
243 1391 313 1438 Jcsus
324 1393 407 1449 Nave,
418 1391 530 1449 Gedeon,
547 1390 687 1450 prophete,
711 1391 771 1437 milo¹
781 1393 802 1438 et
813 1389 931 1437 Dernoboe
942 1391 1123 1436 communionis.

155 1471 240 1505 omnes
258 1458 315 1505 libri
326 1459 418 1506 veteris
428 1456 599 1506 Testamenti?
613 1458 688 1505 Venit
743 1455 780 1505 rt.
798 1457 923 1516 Quomodo
939 1469 997 1515 ergo
1017 1457 1144 1504 excusant
1159 1471 1186 1505 se
1205 1471 1248 1506 ne·

154 1526 272 1574 Dominus
287 1527 357 1574 lesus
368 1538 375 1571 ι
387 1539 477 1574 novum
494 1526 584 1574 detulit
604 1527 688 1573 Testa·
712 1525 908 1585 scisse‚qu0rum
919 1524 962 1571 alii
970 1524 1097 1584 viderunt,
1106 1526 1153 1572 alii
1164 1539 1248 1586 cogno-

156 1596 281 1654 mentum,
294 1596 319 1643 et
330 1595 393 1644 illud
408 1595 474 1654 quod
489 1596 542 1640 erat
552 1595 623 1642 vetus
639 1594 689 1640 iec-
711 1595 940 1641 veruntsolemnon
951 1593 1051 1650 expleto
1063 1592 1115 1639 diei
1125 1595 1248 1642 curriculo

122 1677 126 1686 ’
154 1665 209 1712 tum
222 1664 260 1711 est
270 1676 369 1713 novom.
378 1663 510 1711 innovatus
521 1664 558 1710 est
570 1663 688 1710 Christia-
711 1675 738 1709 se
755 1663 891 1722 recepisse3
903 1663 928 1710 et
943 1674 1025 1708 rursus
1042 1663 1101 1708 ante
1120 1665 1247 1721 peractum

155 1746 217 1792 nus,
230 1732 379 1780 inveteravit
391 1732 498 1781 Judaeus.
512 1734 636 1780 Renovnta
650 1733 688 1780 est
712 1732 818 1788 spatium
826 1730 903 1781 noctis
912 1741 1035 1788 egressum
1044 1731 1160 1788 ,noctem
1171 1731 1196 1776 in
1208 1731 1248 1778 die

155 1801 242 1860 gratian
253 1802 403 1850 inveteravit
414 1801 506 1848 littera.
517 1802 611 1848 Evertit
619 1814 688 1849 mon·
711 1798 813 1858 fecisse,
829 1800 855 1845 in
866 1801 937 1846 nocte
955 1796 1030 1844 diem.
1043 1799 1135 1858 Utique
1152 1798 1249 1846 intelli-

155 1871 203 1928 tes,
209 1870 235 1916 et
243 1869 475 1916 coementitbvertit
483 1870 550 1915 enim
559 1870 584 1915 et
592 1870 687 1919 submit
711 1879 769 1926 gere
779 1867 918 1914 debuerunt
928 1865 986 1924 quia
997 1865 1033 1912 sol
1044 1865 1130 1924 iussus
1141 1879 1169 1914 se
1181 1880 1248 1916 rece·

155 1937 310 1990 intellectum
322 1938 459 1985 secundum
470 1937 592 1998 litteram,
602 1941 628 1989 et
638 1941 687 1987 sta·
711 1936 794 1994 pit,et
806 1935 889 1994 jussus
905 1933 995 1981 exivit.
1007 1934 1167 1982 Praedixerat
1183 1938 1246 1984 enim

155 2007 204 2054 tuit
216 2005 404 2064 intelligentiam
416 2005 561 2065 spiritalem.
571 2007 688 2055 intellec·
710 2005 838 2064 Dominus,
844 2004 986 2063 quintrihus
992 2002 1247 2054 diebusiuturuserat

84 2076 89 2082 “
155 2078 196 2122 tus
210 2086 268 2132 ergo
284 2075 326 2121 ille
338 2075 409 2132 Legis
421 2075 521 2121 evanuit
536 2076 653 2134 carnalis,
662 2077 687 2125 et
711 2073 736 2119 in
748 2075 820 2121 eorde
832 2075 916 2130 terrae,
928 2074 954 2119 et
968 2072 1049 2118 tribus
1058 2073 1182 2120 noctibus
1193 2088 1200 2119 ε
1212 2075 1246 2121 di-

155 2144 233 2191 iactus
241 2143 410 2203 estspiritalis.
418 2142 488 2189 Unde
497 2142 625 2201 Apostolus
636 2145 685 2193 ait:
710 2142 806 2190 diceret
821 2143 867 2190 hoe
885 2142 935 2200 sol,
946 2141 1061 2188 servabat
1082 2145 1244 2202 praeceptum.

155 2214 244 2260 semus
255 2215 334 2259 eutem
344 2213 458 2272 qeiobcae
468 2214 580 2270 spiritalis
591 2216 687 2274 est,epo
710 2212 844 2259 Dubitabat
864 2223 936 2269 ergo,
953 2209 1039 2257 dicens
1057 2223 1063 2255 ε
1080 2209 1153 2268 Quid
1171 2210 1245 2258 tacto?

155 2283 233 2326 eutem
250 2280 352 2326 cernatis
374 2292 435 2326 sum.
456 2277 504 2325 Sed
525 2279 550 2325 et
569 2279 622 2339 ipse
643 2283 686 2341 qul
710 2279 788 2338 Orior,
795 2280 821 2326 et
831 2279 883 2325 dies
892 2280 928 2325 est
940 2290 947 2324 z
958 2277 1054 2336 occido,
1061 2278 1087 2325 et
1099 2291 1155 2325 nox
1168 2281 1211 2326 est.
1222 2279 1244 2327 Si

155 2347 259 2394 camelis
266 2347 332 2406 erat,
343 2345 422 2393 iectus
433 2347 471 2393 est
482 2346 687 2406 spiritalis,sicut
710 2359 810 2395 cursum
830 2359 913 2395 meum
931 2357 1076 2404 servavero,
1101 2345 1244 2395 demorabor

153 2417 206 2475 ipse
218 2415 327 2462 adseruit
337 2414 424 2461 dicens
434 2428 441 2460 ε
453 2417 515 2462 Puto
527 2418 589 2462 enim
596 2448 604 2473 ,
614 2420 635 2465 et
646 2432 686 2478 epo
710 2416 796 2462 mundi
814 2415 929 2463 salutem.
946 2413 1107 2462 Festinemus
1123 2416 1201 2462 etiam
1216 2415 1243 2463 ed

152 2486 262 2543 spiritum
280 2485 325 2530 Det
344 2483 427 2530 tabeo.
442 2484 492 2530 llos
513 2495 570 2540 ergo
591 2488 686 2533 montes
710 2485 889 2533 redemtionem
900 2485 1006 2531 nostram
1018 2483 1162 2531 :festinare
1173 2486 1242 2532 etiam

153 2552 305 2599 inveteravit
314 2550 519 2610 lesus,ct.ludaei
530 2552 651 2602 nesciunt.
660 2556 685 2602 Si
710 2552 788 2599 debeo
799 2552 852 2610 ipse
866 2551 997 2598 adnovam
1008 2551 1104 2610 vitam3
1119 2553 1169 2600 erit
1180 2552 1242 2600 enirn

154 2620 220 2667 enim
229 2619 407 2678 cognovissent,
414 2632 545 2678 numquam
554 2621 685 2670 Dominum
709 2620 829 2668 beneficio
848 2620 928 2667 erucis
945 2632 992 2680 qua
1011 2622 1171 2667 renovantur
1190 2622 1242 2667 uni-

153 2686 289 2745 majestatis
319 2687 502 2735 crucifixissent
523 2701 531 2733 x
553 2700 685 2749 numquam
709 2701 794 2749 versa,
806 2691 831 2737 et
842 2690 877 2737 sol
888 2701 981 2746 novus,
998 2689 1025 2735 et
1037 2689 1133 2735 coelum
1145 2702 1240 2738 novum.

152 2756 233 2804 adbuc
253 2755 355 2802 ludaico
374 2756 535 2804 deliramenta
552 2769 686 2817 sequeren-
708 2757 806 2805 Festino
818 2770 875 2817 ergo
886 2758 995 2806 utillum
1006 2757 1103 2816 possim
1114 2758 1242 2806 videreso·

152 2826 202 2871 tur.
216 2823 266 2885 ipsi
281 2826 337 2872 sunt
351 2837 409 2883 ergo
423 2825 466 2885 qui
478 2825 600 2873 nesciunt.
617 2828 684 2875 Unde
709 2827 758 2872 lem
765 2827 882 2886 justitie,
892 2827 1074 2873 illuminantem
1084 2826 1240 2874 animasuni·

154 2893 180 2940 et
196 2893 222 2939 in
238 2894 369 2953 Evangelio
386 2893 448 2941 dicit
459 2894 579 2941 Dominus
594 2895 684 2943 iesus:
709 2908 845 2943 versorum.
861 2895 909 2942 Sed
924 2895 983 2954 quid
1001 2894 1109 2940 taciem?
1121 2897 1175 2955 lpse
1191 2896 1240 2943 vult

153 2964 252 3009 Dimitte
270 2963 328 3020 iltis,
343 2964 426 3020 Peter,
437 2963 494 3023 pete
510 2965 613 3011 nescient
630 2967 685 3024 quid
708 2966 763 3024 post
773 2965 882 3012 triduum
900 2963 953 3011 lieri
968 2964 1190 3012 resurrectionem.
1203 2966 1239 3012 ln-

154 3030 252 3087 seeinnt.
455 3083 458 3087 ,
709 3034 767 3080 veni
777 3035 838 3092 quid
853 3032 957 3091 faciam,
973 3034 1001 3081 ut
1018 3033 1044 3079 et
1055 3045 1141 3081 moras
1151 3047 1199 3080 non
1209 3034 1240 3081 ta·

185 3096 276 3143 i5.Sed
283 3110 332 3144 non
341 3100 489 3147 excusantur
496 3099 553 3159 qiiia
562 3102 684 3162 nesciunt,
709 3102 772 3148 ciam
791 3103 816 3148 et
831 3114 962 3148 numerum
982 3101 1080 3148 dierum
1096 3104 1238 3150 custodiam.

153 3177 210 3212 cum
234 3166 330 3212 nescire
347 3167 444 3225 polim,
465 3169 531 3226 quod
553 3168 684 3218 debuerint
709 3173 760 3217 Non
771 3171 860 3217 faciam
870 3170 993 3228 integrum
1004 3170 1072 3218 diem
1086 3172 1113 3218 et
1123 3173 1239 3229 integram

153 3241 309 3293 cognoscere.
318 3235 388 3282 Certe
405 3247 455 3283 non
466 3236 516 3284 illis
531 3238 683 3298 invidemus,
709 3241 815 3287 noctem.
838 3238 991 3287 Abbreviabo
1009 3238 1098 3297 horas,
1119 3241 1148 3287 ut
1165 3239 1239 3286 tribus

130 3302 174 3357 ,si
194 3303 293 3351 Domini
307 3306 439 3362 sequantur
454 3307 611 3354 sententiam.
624 3307 685 3356 Sen-
708 3308 809 3367 quidem
830 3308 918 3355 diebus
938 3319 966 3354 ac
986 3308 1104 3355 noctibus
1125 3308 1164 3363 sit¹
1179 3308 1239 3355 inter

151 3370 230 3419 tentia
246 3372 312 3419 enim
325 3373 450 3432 superiora
466 3375 529 3422 solet
542 3376 683 3436 absolvere,
708 3381 817 3424 mortuos
832 3377 952 3424 Dominus
966 3377 1036 3424 Jcsus
1052 3377 1150 3424 :citius
1160 3377 1239 3423 tamen

151 3452 201 3488 non
222 3441 313 3488 lutura.
330 3441 380 3488 Sed
400 3454 446 3489 nec
468 3442 510 3489 ille
533 3444 650 3490 immunis
670 3458 684 3492 a
708 3457 780 3504 quam
798 3444 874 3491 trium
888 3445 985 3491 dierum
996 3445 1022 3490 et
1033 3445 1148 3492 noctium
1165 3443 1239 3490 inter·

150 3510 245 3557 scelere
270 3509 313 3570 qui
340 3510 466 3559 crucifixit
487 3524 537 3559 suae
559 3514 684 3560 auctorem
708 3514 772 3558 valla
792 3514 937 3572 patiuntur,
958 3513 1071 3572 resurgat
1093 3526 1108 3560 a
1129 3512 1238 3559 mortuis.

150 3578 250 3637 salutis,
262 3579 288 3625 et
297 3580 381 3637 postea
391 3581 491 3626 veniam
504 3593 552 3627 non
563 3582 681 3641 poposcit.
707 3581 861 3629 Ablireviabo
871 3583 945 3642 igitur
953 3583 1024 3630 horas
1030 3583 1074 3628 ubi
1084 3581 1239 3630 adscenderit

108 3695 109 3698 ,
150 3646 206 3692 Esto
222 3648 252 3694 ut
269 3648 326 3694 ante
341 3648 492 3708 ignoraverit
507 3662 581 3709 quem
598 3663 684 3708 perse·
708 3663 815 3697 crucem.
833 3652 934 3698 ilsexta
948 3651 1006 3696 hora
1022 3651 1109 3698 statim
1122 3652 1166 3699 iiat
1177 3663 1238 3708 n013

151 3713 287 3774 quebatur3
310 3715 337 3761 in
364 3729 436 3763 cruce
465 3717 547 3765 tamen
576 3719 683 3778 positum
707 3733 738 3774 ne
758 3721 855 3767 videam
870 3721 967 3768 Domini
982 3719 1238 3781 passionem‚sediu-

150 3782 238 3832 debuit
254 3794 428 3842 recognoscere
442 3786 613 3833 universorum
629 3800 683 3834 csse
708 3788 772 3847 giam
783 3788 937 3848 parricidalis
948 3789 1132 3848 persecutionis
1144 3789 1238 3848 specta·

151 3851 277 3900 dominum
289 3851 536 3912 elementorum,sub
545 3869 592 3916 quo
601 3857 684 3903 omnia
708 3858 799 3904 culum.
811 3857 938 3916 Occidam,
953 3857 979 3904 et
990 3857 1039 3904 erit
1053 3869 1106 3904 nox
1125 3858 1239 3904 borarmn

151 3922 274 3969 clementa
284 3920 451 3980 tremuerunt,
463 3925 553 3969 coelum
568 3925 683 3972 ohscura—
707 3925 781 3972 trium
794 3939 800 3971 :
814 3927 938 3984 egrediar,
948 3927 974 3973 et
984 3925 1110 3973 innovabo
1119 3926 1204 3983 diem,
1213 3925 1239 3971 ut

150 3992 205 4036 tum
224 3992 278 4049 est,
297 3989 333 4036 sol
354 3988 459 4050 refugit,
475 3991 541 4037 terra
562 3992 682 4054 dissiluit,
707 3995 739 4042 sit
754 3994 869 4042 horarum
880 3994 954 4042 trium
971 4008 978 4042 ι
994 4007 1128 4054 percursus
1140 3996 1180 4042 est
1190 3992 1238 4052 pri-

152 4055 322 4106 deiunctorum
333 4059 444 4120 sepulcra
457 4060 605 4121 patuerunt,
617 4073 682 4110 rnor-
707 4075 761 4110 mus
772 4063 825 4114 dios
836 4075 843 4110 z
853 4064 969 4125 sequetur
978 4073 1029 4110 nox
1039 4062 1151 4112 secunda
1163 4059 1238 4123 spatio
