2752 4806
216 495 219 502 Ι
465 503 466 509 ¹
500 433 543 480 uu
563 433 733 483 sumansu
750 436 851 485 emen
866 438 900 485 ιι.
1160 480 1165 491 „
1197 440 1244 490 ssa

155 509 250 562 recessit
259 509 303 561 sot
312 513 342 561 ob
353 513 391 562 iilo
402 529 410 562 r
421 516 512 577 Respice
528 519 599 567 oeulis
610 521 656 568 tuis
667 522 689 567 et
714 535 797 568 rorum
802 554 811 579 ,
818 525 839 569 et
847 515 956 569 mrlukm
966 514 1143 584 clerteulorum,
1151 525 1245 573 mltum

157 581 321 628 aneensem
331 593 443 641 qoonorm
455 586 687 645 interemptorem,
713 591 736 635 et
753 591 975 638 consumenctionem
992 593 1014 638 ct
1033 593 1178 640 motatorem
1192 607 1245 641 om·

156 649 505 710 oAqoaonem‚crorenreo,
514 657 688 716 ctmor25quio
713 657 779 703 utum
798 671 893 717 rorum,
903 661 925 705 et
940 659 1060 705 divisiones
1071 660 1200 718 temporum
1204 663 1245 719 ‚et

156 728 249 764 ornnem
262 720 349 765 terrem
364 723 479 780 quonium
490 723 565 780 vides,
577 724 620 770 till
628 724 688 770 drabo
712 726 771 771 onai
790 739 884 784 cursus,
899 727 920 772 et
935 726 1056 773 rictorem
1074 727 1246 786 dispositiones,

156 798 222 844 eum,
240 788 263 834 et
281 789 366 836 semini
382 791 421 837 loo
438 791 466 836 in
485 792 607 838 eternum.
623 793 687 840 llius
712 795 811 841 noturus
830 795 970 841 animalium
994 797 1016 841 et
1035 796 1084 842 ires
1103 794 1251 852 beatiorum,-

156 851 304 913 tamquama
315 855 382 903 tonte
396 856 532 904 hauserunt
542 858 619 906 Stoici
630 860 687 919 phi·
711 862 758 906 eim
769 863 905 918 ventorum,
916 864 938 908 et
948 862 1096 920 copitotiones
1106 861 1245 918 leontinum,

155 919 249 980 losoplrl
258 922 376 982 dogmatis
383 924 421 972 sui
429 925 686 976 sententiamzomnia
711 927 851 984 sufferentias
871 927 1014 984 totarum,
1025 930 1047 974 et
1064 928 1162 975 uirtutes
1180 929 1246 974 rodi·

112 1035 115 1041 ⁴
155 991 342 1050 sapientores.
351 994 437 1042 Oriens
446 995 548 1042 enimet
557 997 685 1057 Occidens,
711 1007 777 1051 cum,
789 997 811 1042 et
826 1009 975 1055 enectamque
993 997 1048 1045 sont
1067 996 1245 1043 obsecundari

155 1057 303 1118 Septentrio
313 1065 339 1108 et
348 1062 477 1122 Meridies,
492 1065 619 1124 portiones
629 1067 687 1112 sunt
710 1064 844 1122 improviso.
852 1064 901 1111 Sed
918 1064 971 1113 haee
988 1063 1053 1111 nulli
1067 1063 1116 1112 nisi
1132 1063 1244 1126 perlecto

155 1127 333 1176 universitatis.
345 1129 389 1176 llis
409 1130 477 1176 euin
497 1131 565 1178 totus
582 1133 687 1180 mundus
711 1132 854 1190 suppetunt.

153 1191 298 1242 includitur.
307 1197 364 1243 llaec
375 1209 430 1243 eum
444 1197 557 1256 promisit
566 1199 632 1246 Deus
643 1199 687 1247 da·
741 1195 781 1247 m.
798 1200 912 1260 Denique
928 1201 1050 1248 Abraham
1064 1200 1183 1262 quamdiu
1199 1200 1244 1249 ad·

153 1263 237 1310 turum
248 1277 275 1311 se
284 1265 472 1325 Alrrahae,quid
482 1267 551 1313 allud
561 1267 685 1328 declarat,
711 1265 820 1315 haerebat
834 1268 859 1314 el
874 1269 932 1326 Lot,
943 1269 990 1316 hoe
1001 1270 1051 1328 est,
1063 1269 1172 1317 dellenio
1189 1281 1243 1316 mo-

152 1330 202 1377 uisi
222 1332 329 1390 sapienti
350 1337 377 1380 et
393 1332 462 1380 fideli
479 1335 567 1392 praesto
585 1336 684 1395 omnia,
710 1346 779 1392 rum,
789 1336 879 1382 sortem
890 1336 1036 1384 horumnon
1046 1338 1242 1397 acceperatuul

152 1399 239 1446 deesse
250 1400 312 1446 nilril
322 1399 332 1447 t
341 1401 410 1448 Unde
421 1403 447 1450 et
456 1403 569 1450 Salomon
585 1401 611 1450 in
627 1405 685 1451 Pro-
710 1401 920 1450 vcrodetlerlonis
928 1405 1155 1466 ambiguoquodam
1166 1406 1241 1466 atquo

153 1468 248 1514 nerhlis
265 1468 300 1514 ait
316 1482 322 1515 r
338 1471 397 1528 Ejus
414 1484 453 1530 qur
469 1472 545 1530 fidelis
558 1474 605 1529 sit,
622 1475 684 1520 totus
708 1470 820 1518 anirectu
830 1471 968 1527 ansearius,
979 1475 1059 1521 rectas
1069 1474 1190 1522 virtutum
1200 1487 1242 1521 ss·

153 1538 255 1598 emadan
268 1539 516 1594 arcesseremusne
534 1540 602 1598 prim
615 1539 683 1587 Salo-
707 1537 780 1584 milas
798 1540 923 1586 continuis
940 1542 1029 1589 animae
1045 1556 1096 1590 suae
1116 1542 1240 1601 gressibus

151 1615 210 1651 mon
225 1618 299 1664 quam
313 1607 395 1652 Zenon
409 1607 546 1653 stoicorum
557 1608 681 1668 magister,
707 1605 783 1664 coeplt
797 1618 914 1666 carpere,
925 1608 952 1653 in
966 1620 1065 1655 omnem
1082 1609 1174 1656 terram
1183 1621 1240 1667 pos·

150 1674 224 1731 atque
233 1674 318 1720 auctor
324 1675 397 1721 sectae
406 1674 483 1733 ipsius
491 1675 501 1720 t
508 1676 604 1733 Quanto
615 1678 682 1735 prior
706 1685 785 1720 sessor
792 1674 914 1734 mittitur,
924 1677 997 1735 atque
1006 1676 1098 1724 dicitur
1107 1677 1144 1724 ei:
1154 1679 1239 1736 serpe,

151 1753 224 1799 (pram
235 1740 287 1801 ipse
298 1741 536 1802 paterphilosophlse
547 1743 630 1804 Plato,
641 1747 682 1791 vel
706 1744 728 1788 et
740 1743 880 1800 perambulo
895 1747 985 1792 terrem
999 1746 1025 1791 io
1040 1745 1205 1805 mucltedtuem
1216 1746 1240 1792 et
1337 1779 1339 1784 ·

150 1809 206 1867 elus
213 1810 326 1858 inventor
333 1811 440 1858 nominis
450 1811 682 1871 PythagorastQuis
706 1810 732 1854 iu
750 1810 978 1871 latitudinemque
1001 1811 1044 1860 titi
1057 1814 1117 1860 dabo
1133 1827 1199 1868 eom,
1214 1815 1238 1861 et

150 1878 234 1925 autem
256 1877 349 1938 tidelis,
369 1878 417 1926 nisi
439 1882 538 1937 sapiens
555 1877 565 1924 t
586 1880 683 1930 Stultus
706 1879 789 1925 semini
798 1881 837 1926 tuo
848 1882 873 1926 iu
883 1885 1006 1928 eternam.
1014 1882 1075 1939 Ergo
1086 1883 1128 1942 qui
1140 1881 1238 1941 saplen-

149 1947 219 1993 eniru
240 1947 303 1994 sicut
322 1947 381 1992 luna
401 1945 568 1993 immutatur:
585 1940 683 2005 sapiens
706 1944 766 1990 tiam
786 1948 921 2006 meruerit,
938 1951 965 1995 et
980 1961 1030 1995 non
1046 1950 1125 1995 fuerit
1138 1949 1237 1996 ancillae

149 2015 233 2062 autern
242 2015 375 2062 immobilis
385 2014 434 2062 lide
445 2013 584 2073 permanet.
707 2009 786 2070 filius,
797 2024 848 2059 non
858 2013 956 2071 peceati
968 2025 1067 2066 servus,
1078 2026 1128 2059 non
1139 2026 1238 2060 sucees-

180 2080 683 2140 58.SediortsdieasaQuomodosapientis
707 2078 770 2126 sioni
786 2080 866 2127 carnis
884 2080 1020 2139 obnoxius5
1037 2082 1081 2127 sed
1097 2080 1198 2139 liberm,
1210 2081 1237 2127 id

150 2149 585 2209 mtmmmrusesteouoniamrpsa
595 2150 682 2197 natura
707 2149 757 2207 est,
776 2148 841 2197 Sarae
864 2149 932 2196 illius
952 2163 1004 2197 non
1027 2148 1174 2208 servientis,
1192 2149 1237 2196 sed

148 2221 192 2268 dat
209 2220 247 2268 illi
263 2221 354 2268 sortem
369 2220 493 2280 omnium,
513 2220 610 2267 etiamsi
628 2219 680 2280 ipse
705 2217 880 2279 principantis,
891 2219 961 2265 honre
977 2217 1073 2277 stirpis,
1084 2217 1154 2263 bonae
1165 2216 1237 2263 iudo-

148 2289 213 2337 nrlril
221 2289 350 2350 possideat.
357 2289 460 2336 Domina
470 2290 508 2336 est
516 2288 583 2336 euim
592 2289 617 2336 et
625 2301 681 2349 pos-
706 2287 749 2346 lis,
768 2288 885 2347 perlectae
896 2287 968 2335 titulo
987 2287 1087 2335 virtutis
1104 2285 1236 2332 haeredita-

149 2369 229 2406 sessor
239 2357 348 2406 emulum
359 2356 490 2416 sapientia,
498 2369 553 2415 quae
561 2368 603 2402 sua
611 2356 681 2415 putat
705 2355 755 2402 tem
765 2356 877 2415 acquiret
887 2355 1063 2402 universitatis.
1073 2354 1170 2403 Dicitur
1177 2367 1235 2413 ergo

147 2427 243 2475 nature
258 2438 375 2483 muuera;
389 2425 505 2484 quonlam
515 2425 541 2470 in
553 2437 625 2471 usum
636 2425 682 2471 ho-
706 2423 821 2480 Abrahae,
832 2426 914 2484 Serpa.
926 2424 978 2469 Non
988 2424 1138 2483 corporalem
1149 2422 1238 2477 adsur-¹

147 2495 244 2543 minum
263 2495 317 2542 data
337 2496 469 2552 sunt,nec
491 2493 548 2539 ullIs
568 2492 680 2552 indiget,
705 2491 841 2539 rectionem
859 2491 991 2551 significat,
1015 2491 1060 2539 sed
1082 2491 1233 2553 spiritalem,

145 2632 257 2690 Namque
266 2629 561 2688 utmusleusorgana,aut
569 2630 680 2676 medicus
705 2628 1234 2688 terrenis2surgeaeorporallhus,rellnque

145 2697 345 2757 medicamenta,
365 2698 409 2744 aut
427 2697 559 2743 nauclerus
577 2710 632 2757 quse
649 2699 680 2746 ad
704 2697 814 2757 terrena,
833 2698 923 2744 coelum
940 2697 1053 2756 adspice3
1073 2699 1095 2743 et
1111 2709 1199 2754 eeurpe
1218 2711 1234 2742 a

145 2766 219 2814 navis
239 2766 428 2814 instrumentum
448 2765 586 2812 necessaria
604 2765 679 2824 sunt,
703 2766 817 2821 mortuis,
826 2765 872 2811 hoc
883 2765 933 2823 est,
945 2763 1102 2823 opinionibus
1113 2762 1198 2821 vanis,
1208 2766 1235 2810 et

145 2835 247 2884 etiarnsi
257 2834 354 2895 quando
372 2846 420 2881 non
437 2832 541 2891 habeat3
552 2833 628 2880 hahet
642 2833 681 2880 ta·
704 2831 912 2889 disputationibus
934 2831 1112 2878 chaldaeorum.
1134 2830 1235 2877 Intuere

146 2917 205 2951 men
218 2915 248 2951 eo
258 2904 311 2963 ipso
322 2915 370 2964 quo
381 2902 458 2962 possit
468 2901 507 2949 his
517 2901 569 2958 uti,
581 2901 679 2950 etiamsi
704 2900 837 2959 muudum,
850 2900 949 2947 intuere
961 2900 1037 2948 etiam
1048 2899 1120 2946 illum
1135 2898 1178 2958 qui
1189 2910 1235 2958 po-

145 2972 179 3020 ad
196 2973 293 3031 tempus
309 2983 368 3018 usus
383 2982 468 3017 eorum
481 2982 532 3016 non
549 2971 678 3029 suppetat:
703 2966 751 3014 test
761 2968 840 3014 totum
850 2968 942 3015 donare
953 2967 1083 3016 mundum.
1094 2967 1123 3012 ln
1138 2977 1235 3026 posses-

146 3037 679 3100 quantomagissaplenssuumjudicatqurd·
703 3037 811 3096 sionem,
832 3037 926 3097 inquit,
945 3037 993 3083 tibi
1017 3036 1081 3084 daho
1098 3035 1232 3095 muudum,

146 3108 207 3168 quid
226 3107 319 3154 naturae
338 3106 441 3166 est,qui
461 3106 525 3153 vivit
543 3106 678 3153 seeundum
702 3117 777 3164 quern
787 3107 867 3154 Deum
881 3104 940 3152 ante
952 3105 1078 3165 credebas.

145 3173 276 3225 nammmr
285 3177 337 3222 lton
353 3174 420 3222 euim
435 3174 526 3220 amittit
534 3173 576 3231 ius
590 3186 677 3234 suum,
732 3174 921 3222 lddcramboto
931 3177 1019 3222 terrom
1029 3177 1055 3222 io
1065 3175 1232 3235 loupitodtoem

145 3244 190 3304 qul
197 3243 342 3290 meminltse
348 3242 516 3301 adimaglnem
522 3241 568 3288 liei
576 3241 677 3300 iactum,
702 3237 751 3302 ηἰἱε
758 3245 780 3290 ct
788 3244 940 3290 latitudinem.
951 3242 1039 3302 Utique
1048 3242 1114 3289 intra
1121 3253 1233 3288 momen·

145 3314 174 3361 ot
188 3312 482 3361 adlrominesaliomino
498 3311 550 3357 lieo
565 3310 677 3357 dictum:
702 3313 756 3357 tum
772 3311 864 3357 terram
881 3310 952 3357 istam
968 3312 1097 3356 Persarum
1112 3309 1233 3355 interelu·
1261 3324 1263 3327 ¹

146 3382 255 3438 Currite,
265 3383 287 3428 ot
297 3379 484 3440 multiplicamini
489 3409 497 3433 ,
507 3379 529 3424 et
538 3378 622 3436 replete
630 3380 679 3424 ter·
703 3391 754 3425 sam
769 3377 895 3437 imperiis,
906 3377 936 3423 ab
947 3377 1023 3424 lndiae
1034 3388 1131 3434 quoque
1142 3375 1233 3422 littori-

145 3462 216 3507 rom,
226 3451 248 3496 et
260 3449 414 3497 dominemini
423 3449 448 3493 iu
458 3459 510 3492 eom
517 3447 556 3502 ‚et
567 3447 679 3505 imperate
704 3446 748 3491 bus
762 3445 793 3492 ad
808 3445 934 3501 Herculis,
949 3444 978 3489 ut
992 3442 1075 3500 aiunt,
1092 3442 1232 3500 columnas,

143 3517 325 3578 pr’scitrasmorr'a
332 3519 371 3575 ,ct
380 3514 511 3563 volatilibus
522 3513 585 3569 coeir',
594 3516 616 3559 et
627 3527 679 3560 om-
702 3513 743 3559 vol
765 3511 898 3559 Britannia
923 3511 1033 3557 extrema
1057 3508 1161 3555 conlinia
1183 3522 1233 3559 non

144 3586 213 3634 ottus
229 3586 362 3646 pecoribus,
372 3587 394 3632 et
404 3584 469 3631 omni
479 3585 546 3630 terres
554 3611 562 3638 ,
570 3583 591 3628 ct
602 3582 679 3628 omui-
704 3580 784 3637 potuit
793 3579 974 3639 perambulare.
984 3579 1013 3624 Et
1023 3577 1105 3636 potuit
1114 3578 1184 3636 quasi
1195 3579 1233 3626 in·

146 3655 189 3703 bus
196 3655 336 3714 repentibus
344 3654 384 3713 qui
390 3665 460 3712 super
467 3653 564 3698 terram.
573 3648 603 3693 nt
610 3648 679 3696 novit
703 3648 806 3695 devotus
813 3646 907 3706 videri,
916 3646 959 3706 qui
969 3646 1063 3693 celesti
1074 3647 1173 3695 oraculo
1182 3661 1232 3697 uon

145 3722 205 3784 qula
224 3722 347 3782 sapientia
365 3720 475 3768 omnium
493 3718 573 3764 mater
591 3718 641 3778 est,
653 3719 679 3766 ct
703 3715 865 3775 obedisset,si
875 3715 994 3763 obeundae
1002 3715 1076 3775 hujus
1083 3717 1155 3764 terrae
1164 3730 1232 3766 man·
1257 3766 1259 3770 .

145 3791 199 3850 ipsa
210 3792 295 3839 orbem
305 3791 426 3837 terrarum
436 3786 553 3848 possidet.
565 3786 678 3846 Denique
703 3787 787 3835 datum
806 3785 965 3845 accepisset:
984 3785 1029 3833 sed
1053 3798 1108 3832 cum
1126 3786 1158 3834 sit
1178 3788 1232 3844 eius

144 3861 260 3909 Sdnmon
269 3860 313 3920 qui
323 3857 469 3919 sapientiam
479 3855 590 3916 poposcit
601 3856 627 3902 et
637 3867 679 3902 ac·
702 3853 801 3903 devotio
811 3854 927 3914 probata;
938 3854 997 3914 quia
1007 3853 1038 3900 ad
1049 3865 1168 3913 quereum
1178 3854 1232 3899 tan·

144 3928 237 3989 sepita
251 3927 355 3975 Domino
365 3927 418 3973 Deo
433 3926 515 3972 nostro
524 3936 531 3970 r
540 3926 591 3984 Ipse
601 3925 677 3983 milri,
702 3923 828 3972 tumrnodo
835 3923 944 3970 llambre
952 3920 1112 3970 transtulerat
1119 3921 1232 3966 taberna·

143 3993 241 4056 inqrrlt,
250 3997 311 4044 dodd
326 4006 407 4043 eorum
422 4005 474 4052 quoe
487 3994 543 4040 sum
558 3994 678 4041 scentiam
703 3994 799 4052 culum,
811 3991 899 4052 utique
910 3991 1002 4039 terram
1011 4020 1019 4047 ,
1029 3989 1076 4034 hoe
1088 3986 1138 4042 est,
1146 3983 1232 4030 uirtu-

142 4080 240 4131 mous
251 4067 362 4168 “fifm
377 4063 547 4126 depositionem
557 4061 619 4111 orbis
631 4064 678 4112 lei·
702 4062 755 4111 tem
772 4072 902 4122 possumus
921 4057 1058 4120 perlectam
1076 4050 1239 4172 ³ff⁰¹¹¹⁸²i⁰s
