2752 4800
157 375 214 429 seo
537 384 669 432 sancus
685 385 856 433 sunnosn

154 467 183 513 ut
196 464 250 525 elus
268 464 345 514 simus
361 463 514 527 cupidiores,
529 467 572 527 qui
591 465 683 514 tantam
708 468 832 516 conciliari
860 478 946 529 posse,
971 466 993 515 si
1013 465 1112 515 ventem
1137 465 1236 529 petant;

154 532 224 580 noles
232 533 330 581 fabricae
340 533 415 593 bapns
424 535 540 582 videatur
548 536 681 584 contulisse
707 537 806 596 sperent
821 549 924 601 posse
908 548 934 584 se
954 535 1058 596 corripi,
1073 535 1097 583 si
1112 537 1238 596 precepta

148 601 356 658 pulcritudinem.
367 602 546 669 Tertiusprclo
548 603 690 680 estregells
700 605 862 682 pepappntur
860 592 998 651 coelestium
1018 601 1239 669 testamentorum,

153 658 477 729 potestattpeontc'uipl'at'io,
486 654 683 728 ut'subl'iciamur
700 656 1237 728 quibuaautiniormemuredinnocentiam,

152 735 320 795 reai,ns1¹non
337 736 472 785 detenmus
482 735 602 785 bonorem
619 737 682 784 hm
706 737 1017 798 autrevoeamuracutpa
1030 739 1073 785 ilae
1084 734 1237 798 igiturintra

151 815 228 862 quern
245 803 352 864 parenti.
362 804 429 852 bletu
444 803 511 852 enim
525 803 682 865 praesidentis
706 804 836 853 Jordanem
849 805 963 854 civitates
977 805 1110 866 sequentes
1127 805 1199 863 suat,
1210 805 1239 852 ut

151 872 297 932 plerumque
315 873 343 923 tlt
358 873 477 922 obediens
494 873 681 935 potcstati,qui
706 873 868 933 propitiemus
890 873 961 920 nobis
985 873 1080 933 Deum,
1105 885 1238 934 sequamur

151 941 418 1003 estsalutisiugratus3
427 943 682 991 utneeessitetemso·
705 941 854 1000 quaejubet,
869 940 978 988 vitemus
992 941 1186 1003 quseprobibet.
1202 940 1239 1001 Sit

151 1007 264 1058 brictatls
274 1011 401 1071 agnoscat,
410 1011 454 1071 qui
464 1011 544 1059 noluit
554 1022 583 1060 ac
593 1012 681 1072 nequi-
706 1020 763 1069 ergo
782 1009 946 1077 propitianda
963 1009 1103 1058 divinitatis
1120 1008 1238 1066 ambitio,

151 1078 188 1124 nt
198 1079 301 1138 mattam
317 1080 419 1140 pietatis
433 1092 573 1141 agnoscere.
584 1082 681 1130 conm-
706 1078 836 1136 sequenda
844 1078 1019 1138 praeceptlonrs
1026 1077 1152 1137 obedituo
1159 1077 1238 1125 inter-

151 1156 195 1192 on·
210 1160 268 1207 erga
283 1149 431 1210 necessitas,
441 1162 517 1210 quem
527 1151 607 1211 pietas
623 1163 681 1212 pro.
705 1143 777 1192 dictae
795 1145 1005 1205 praevaricationts
1030 1145 1128 1204 cautio,
1148 1143 1239 1205 quibus

150 1216 374 1265 tocacedebuerat.
705 1213 901 1272 propitiatoriam
917 1213 965 1261 bei
983 1212 1238 1276 misericordiamet

181 1283 219 1329 tl.
231 1286 274 1332 ilas
284 1286 342 1333 sunt
354 1287 405 1334 tres
421 1285 534 1336 civitates
544 1286 612 1335 trans
626 1288 680 1335 Jor-
705 1283 890 1331 nomotheticen
898 1282 952 1341 eius
960 1282 1191 1344 providentiamrel
1199 1281 1238 1328 in·

149 1350 251 1411 danem,
262 1355 405 1413 perfectiori
416 1356 553 1416 prudentias
569 1357 600 1404 ad
611 1355 681 1404 retu·
704 1350 846 1399 stitutorum
857 1351 990 1412 obsequio,
1000 1350 1238 1400 vel'interdiclomm

148 1419 216 1476 gium
228 1420 302 1483 datae,
314 1425 343 1470 ut
352 1423 432 1482 primo
444 1425 541 1484 culpam
557 1425 679 1485 fugiamus
704 1418 870 1467 declinatione
877 1431 1035 1469 veneremur·

149 1485 291 1537 inductione
302 1490 393 1551 animi,
404 1491 541 1540 conformes
552 1493 584 1540 ad
594 1493 679 1552 imagi·
735 1490 774 1536 le.
783 1490 902 1548 Quartum
910 1491 1037 1550 superest,
1045 1489 1113 1551 quod
1120 1489 1154 1538 de
1159 1487 1237 1537 morte

149 1558 312 1606 riembeidta
319 1559 385 1606 enim
394 1559 470 1607 creati
477 1573 570 1620 sumus,
580 1560 678 1608 dicente
703 1559 792 1606 summi
812 1556 945 1607 sacerdotis
960 1557 997 1606 ait
1014 1571 1022 1604 ι
1040 1560 1103 1620 Quia
1119 1572 1193 1620 eopse
1207 1558 1238 1607 ad

149 1624 200 1672 Deo
211 1639 218 1672 :
230 1628 356 1676 Faciamus
373 1628 491 1676 lsomiocm
507 1631 538 1675 od
552 1631 678 1688 imaptaem
703 1625 760 1672 ettad
770 1629 859 1688 tempos
872 1629 916 1675 crit
927 1628 952 1674 ia
965 1628 1057 1675 civitate
1067 1627 1157 1688 cessati
1162 1627 1237 1675 boari-

148 1697 171 1742 ct
181 1697 356 1745 siodlitadiacm
364 1700 479 1746 nostram.
491 1697 550 1746 Ilaec
560 1710 618 1756 ergo
627 1698 678 1758 pri·
702 1697 806 1754 cido2dle,
814 1699 885 1745 donec
892 1698 1237 1758 moriotarsaccrdomaaaes.

148 1775 194 1810 ruas
203 1765 270 1814 illius
279 1766 386 1814 civitatis
394 1767 437 1814 lex
446 1767 492 1815 est.
500 1767 595 1815 Deinde
603 1766 678 1826 siper
702 1763 730 1810 In
739 1777 788 1823 quo
799 1765 937 1813 seeundum
947 1765 1059 1812 litteram
1069 1765 1151 1813 baeret
1161 1763 1238 1812 inter·

147 1832 306 1893 fragilitatem
314 1835 409 1894 carnis,
417 1835 443 1884 et
450 1836 536 1884 mundi
546 1836 677 1883 illecebras
701 1833 818 1892 pretatio.
830 1834 939 1883 Primum
949 1833 1003 1894 ipsa
1013 1833 1072 1895 iupa
1083 1834 1150 1883 sorte
1160 1833 1237 1893 magis

146 1901 182 1948 ita
197 1904 306 1951 mentem
322 1905 430 1951 nostram
445 1902 550 1952 formare
561 1916 610 1951 non
621 1916 677 1964 pos-
702 1913 775 1960 quem
785 1902 903 1962 aequitate
918 1901 1024 1962 alicuius
1035 1900 1164 1950 examinis
1177 1900 1236 1950 dcti-

146 1981 245 2031 sumas,
259 1972 399 2019 reverentia
416 1974 528 2033 paterne
539 1974 678 2032 reiteratio·
701 1971 753 2018 nita
770 1972 878 2020 :deinde
893 1973 921 2020 in
938 1971 1018 2020 causis
1033 1971 1140 2033 paribus
1157 1972 1236 2032 impar

146 2038 199 2098 nis,
208 2040 235 2087 et
244 2040 375 2088 sedulitate
386 2042 462 2101 prolis
472 2044 601 2102 peccatum
610 2040 677 2089 leve·
702 2043 819 2101 eventus3
830 2040 926 2100 poterat
940 2040 1009 2088 enim
1018 2039 1074 2088 lieri
1086 2041 1116 2089 ut
1124 2041 1184 2101 post
1193 2040 1236 2086 bo·

146 2119 210 2155 mus.
219 2108 310 2156 Cerltm
318 2110 384 2156 enim
394 2110 580 2157 multitudinem
590 2121 677 2168 pecca·
701 2108 798 2156 micidae
821 2109 890 2157 itlius
912 2109 1038 2170 refugium
1061 2109 1180 2171 mouenti
1197 2108 1236 2155 die

146 2176 228 2224 torum
246 2179 335 2239 operit.
352 2179 401 2236 Qui
420 2191 477 2238 ergo
495 2178 526 2224 ad
543 2178 676 2238 imaginem
701 2176 782 2224 obiret
790 2190 892 2237 magum
900 2177 1089 2236 sacerdosQuae
1098 2177 1184 2225 autem
1191 2177 1235 2225 sub

145 2244 194 2292 Dei
203 2259 256 2294 esse
268 2259 317 2294 non
327 2248 451 2307 potuerit,
460 2248 493 2295 sit
500 2247 531 2294 ad
539 2247 676 2306 plenitudi-
701 2243 795 2292 incerto
805 2244 944 2294 sententiat
955 2248 1017 2306 Ergo
1027 2245 1088 2305 quia
1103 2245 1186 2294 haeret
1194 2245 1235 2308 iit·

144 2325 202 2361 nem
211 2315 329 2364 caritatis.
337 2316 381 2362 lile
391 2316 478 2363 civitas
485 2315 582 2375 culpam
590 2315 676 2362 cxctu-
700 2311 768 2372 tera,
779 2327 917 2373 quaeramus
926 2313 1057 2375 spiritalia.
1066 2314 1130 2372 Quis
1142 2316 1182 2363 est
1190 2314 1234 2362 iste

145 2382 196 2443 dit,
211 2385 265 2432 baec
284 2385 366 2432 solvit.
378 2385 435 2432 Haec
450 2384 558 2445 denique
575 2385 618 2432 lex
635 2397 676 2432 se·
700 2395 801 2442 magnus
813 2384 926 2432 sacerdos
941 2382 990 2431 nisi
1005 2382 1061 2430 Dei·
1070 2383 1165 2444 Filius,
1175 2385 1235 2431 Ver·

145 2453 675 2514 cuadaecivitatis:DiiipesDomiaombcum
699 2451 906 2512 bumbei,euJus
915 2451 1104 2500 advocationem
1111 2451 1234 2513 pronobis

144 2522 211 2566 tusam
221 2525 306 2571 extoto
315 2525 381 2570 corde
392 2525 445 2582 tuo,
457 2525 518 2570 etex
528 2525 578 2570 tota
593 2524 675 2569 animo
700 2520 820 2568 babemus
835 2522 902 2581 apud
911 2521 1023 2578 Patrem,
1040 2520 1087 2579 qui
1102 2533 1190 2569 exsors
1199 2520 1234 2568 ost

145 2590 200 2645 toa,
208 2593 230 2636 ct
240 2604 271 2637 ca
282 2595 331 2638 taio
341 2593 427 2638 virtute
438 2593 488 2638 taa.
500 2591 548 2638 Sed
559 2591 581 2637 si
591 2603 675 2640 rursus
699 2589 811 2636 omniurn
822 2590 1018 2639 voluntariorum
1030 2590 1057 2636 ct
1068 2588 1233 2636 accidentium

144 2656 240 2716 augusti
250 2658 326 2704 animi
333 2658 358 2705 et
366 2657 456 2704 minuti
464 2658 535 2716 sunt,
547 2658 589 2718 qui
598 2659 675 2705 abun·
699 2657 859 2718 delictorum,
876 2658 903 2705 in
921 2669 971 2717 quo
989 2657 1131 2706 consistunt
1151 2657 1231 2705 omniu

144 2727 253 2775 dentiam
270 2727 379 2776 caritatis
396 2729 423 2776 ct
442 2728 545 2788 aratiam
563 2728 674 2788 recipere
698 2727 865 2786 quainterra
874 2727 1043 2787 sunt,ctquae
1051 2727 1079 2774 in
1088 2727 1232 2774 coeloivin·

143 2808 193 2844 non
203 2800 317 2858 possunt,
329 2797 405 2845 babes
419 2797 518 2845 tertiam
533 2797 673 2857 civitatem3
699 2797 754 2844 culo
763 2797 829 2844 enim
839 2797 915 2844 Verbi
927 2797 1059 2845 constricta
1070 2797 1132 2843 sunt
1141 2797 1230 2854 omnia,

144 2867 173 2914 ut
181 2866 272 2915 divinae
282 2867 409 2928 potestatis
419 2867 557 2915 formidate
565 2867 674 2914 sobrium
699 2866 724 2912 st
735 2865 789 2923 ejus
800 2866 959 2913 continentur
970 2864 1099 2926 potentia,
1107 2864 1136 2912 et
1143 2865 1171 2911 in
1181 2865 1231 2924 ipso

143 2934 231 2996 iaciat,
250 2937 396 2985 etintlectat
411 2938 502 2984 metus.
514 2937 543 2983 Et
561 2937 614 2985 hacc
632 2938 674 2986 lex
699 2936 992 2995 constant3qnonian1in
1008 2935 1062 2995 ipso
1081 2935 1166 2982 aresta
1177 2933 1231 2982 sunt

144 3004 218 3051 tertia
228 3018 236 3050 ε
247 3009 376 3053 Domabam
385 3009 462 3054 Deam
473 3009 539 3051 taam
551 3007 673 3066 adorabis,
698 3005 793 3062 omnia,
805 3004 866 3052 etin
880 3005 933 3062 ipso
947 3003 1045 3051 habitat
1059 3005 1142 3049 omnis
1153 3001 1230 3062 pleni·

142 3074 165 3116 et
180 3074 225 3131 ipsi
240 3075 285 3121 soli
298 3077 390 3122 service.
402 3075 446 3120 liae
458 3074 533 3131 igitur
543 3075 673 3134 praecipuae
698 3072 766 3119 tudo.
776 3074 807 3120 Et
817 3072 874 3119 ideo
884 3073 967 3119 omnia
982 3070 1100 3130 manent,
1111 3071 1172 3132 quia
1183 3071 1231 3118 dis·

142 3137 261 3199 uirtutes,
280 3142 306 3187 et
324 3141 381 3188 ideo
397 3154 546 3200 paucorum,
557 3156 606 3190 non
617 3145 674 3202 plu-
698 3140 760 3186 solvi
770 3141 812 3187 illa
819 3141 1003 3202 nonsinitquae
1012 3141 1066 3199 ipse
1075 3139 1229 3198 constrinxit,

142 3205 549 3269 riun,snpraloroanenpositae;
559 3211 674 3270 uterpri-
697 3209 813 3266 quoniam
830 3209 857 3256 in
868 3209 922 3266 ejus
939 3208 1068 3256 voluntate
1085 3209 1227 3256 consistunt.

142 3287 195 3323 mas
213 3279 283 3337 quasi
301 3276 382 3337 imago
397 3272 575 3338 archetypum,
586 3278 673 3337 diligas
698 3275 784 3322 omnia
797 3277 865 3324 enirn
883 3277 963 3337 quoad
980 3277 1048 3335 vult.
1064 3290 1111 3324 suo
1127 3276 1228 3336 imperio

142 3345 213 3405 quasi
228 3347 295 3394 tilius
308 3348 418 3409 patrem,
430 3346 516 3394 adores
529 3347 598 3407 quasi
614 3349 673 3396 sub-
698 3347 794 3393 coercet
809 3347 836 3393 et
851 3347 928 3405 regit,
940 3347 966 3393 et
981 3346 1090 3392 naturali
1102 3346 1228 3394 concorda

143 3414 312 3478 ditusregcm.

173 3483 212 3530 12·
224 3487 272 3545 Qui
282 3488 367 3535 nutem
378 3486 509 3534 Jordnnern
519 3484 672 3546 transierint,
697 3495 737 3529 me
752 3478 778 3528 in
796 3483 885 3529 aminis
900 3482 963 3530 vivit
980 3481 1096 3542 piorum,
1112 3494 1161 3529 nee
1177 3493 1227 3529 uru-

141 3551 254 3601 iordanis
272 3557 356 3603 autem
367 3555 495 3604 descensio
510 3566 596 3604 eorum
610 3555 672 3602 dici·
697 3565 771 3611 quam
795 3552 899 3599 moritur
926 3550 1056 3611 plenitudo
1080 3550 1225 3599 divinitatis.

142 3617 201 3664 tur:
212 3623 255 3679 qui
266 3623 440 3671 descenderint
453 3637 510 3684 ergo
521 3636 553 3671 ex
566 3623 614 3671 illis
630 3638 673 3671 su·
697 3623 832 3681 Numquam
842 3621 909 3669 enirn
920 3620 1024 3666 moritur
1031 3621 1185 3681 sempiterna
1194 3620 1227 3667 di-

142 3688 281 3748 perioribus
291 3692 425 3740 virtutibus
436 3693 467 3739 ad
478 3694 529 3740 baec
541 3692 671 3754 interiora,
697 3693 800 3750 vinitas,
819 3692 846 3737 ct
869 3692 961 3738 aeterna
984 3689 1032 3734 Dei
1056 3690 1148 3737 virtus.
1167 3690 1226 3737 Sene

142 3756 167 3803 id
184 3758 235 3813 est,
252 3758 279 3803 in
300 3759 390 3816 quibus
409 3760 552 3820 integritas,
570 3764 670 3823 caritas,
696 3761 800 3808 moritur
813 3759 898 3818 nobis,
910 3758 931 3806 si
943 3771 957 3805 a
972 3759 1055 3805 nostra
1065 3759 1150 3805 anima
1160 3770 1226 3819 sepo·

141 3823 447 3885 llunlilitesvaeillaverit,
456 3829 548 3875 babent
558 3831 672 3889 propiora
696 3831 777 3888 retur,
786 3841 835 3876 uon
847 3839 895 3887 quo
903 3827 982 3874 morte
993 3829 1180 3887 corrumpatur,
1188 3824 1226 3875 sed

142 3892 236 3944 bomini
252 3892 523 3954 relugiuquaepetant,
534 3899 616 3956 utqui
627 3900 671 3945 ob-
696 3908 744 3956 quo
763 3896 911 3943 dissolvatur
933 3895 1009 3955 atque
1032 3897 1143 3943 eruatur
1161 3907 1226 3943 aneas

141 3962 210 4011 noxit
221 3960 331 4016 delictis,
343 3961 368 4006 ct
379 3959 465 4006 tullexi
478 3961 545 4008 vitiis
554 3966 611 4010 sunt
621 3977 670 4013 non
695 3966 777 4011 nostra
784 3965 816 4010 ab
824 3965 877 4022 ejus
887 3963 1073 4022 conjunctione.
1084 3967 1151 4013 llors
1161 3964 1225 4012 caim

141 4028 410 4089 u·oluntnriis,spcrcut
419 4027 551 4075 Domitium
567 4029 615 4076 sibi
630 4043 671 4078 re-
695 4043 754 4080 vera
777 4032 815 4081 est
830 4033 906 4080 Verbi
928 4033 955 4081 et
979 4032 1069 4083 eutmae
1095 4033 1225 4095 separatio.
