2752 4806
378 397 382 405 ¹
426 411 555 494 balsos
576 432 617 480 ur
636 433 728 479 anon
744 433 849 480 arnan
868 434 965 481 unus.
1189 414 1234 481 ron

146 519 195 561 nsn
204 509 278 572 atque
288 511 466 583 exercitatione
480 515 623 576 improbitas
634 528 677 563 au·
700 515 760 563 bilis
770 515 797 563 et
806 515 888 564 fidelis
897 515 937 563 vir
946 514 979 563 sit
989 507 1163 565 testamentum
1175 513 1232 564 liet.

148 580 233 638 uetur,
244 580 270 627 et
278 580 548 649 impunitate'nutritur
563 582 675 632 audacia.
692 577 756 644 'lpse
765 585 803 632 est
810 584 878 632 enim
887 583 1029 644 baereditas,
1037 583 1089 646 ipse
1096 585 1231 646 possessio,

147 643 252 695 {locedii
263 648 676 717 itaque'abjomnirespeotubones-
700 651 726 698 ln
741 664 789 712 quo
803 652 883 700 virius
897 650 977 699 divini
988 652 1130 700 testamenti
1139 653 1194 712 est,
1204 653 1231 700 in

145 713 218 772 tatis,
229 717 255 763 et
265 716 291 762 in
301 729 331 764 eo
341 717 439 766 terrena
447 720 530 767 omnia
538 719 677 767 moriuntur
699 731 748 779 quo
764 719 859 767 tructus
872 717 961 778 ludicii
972 752 980 778 ,
999 718 1026 764 in
1037 729 1085 778 quo
1101 718 1232 768 haereditus

146 779 247 829 lethalis
260 784 357 841 peceati
372 787 507 834 acerbitate
519 820 527 849 ,
543 799 600 847 qua
615 799 675 835 vera
700 787 882 846 promissionis,
893 787 923 834 de
935 799 983 847 quo
993 785 1073 834 Dauid
1083 784 1146 834 ‹lieit
1156 799 1162 831 :
1174 788 1232 836 liceo

146 847 175 924 et
190 851 310 910 perpetua
321 854 400 901 morte
415 856 572 913 peecatorem
583 854 674 902 deleat.
698 855 823 904 ‘hereditas
831 855 942 914 Doruiui,
951 855 1008 915 tilii,-
1026 866 1115 902 mercer
1122 885 1131 912 ,
1142 853 1233 914 {ructes

145 915 221 963 bauo
233 919 299 965 enim
310 921 408 979 panius
419 921 536 980 moritur,
548 932 622 982 quam
633 923 675 982 qui
699 925 794 970 ventris.
806 921 914 979 Setiam
929 924 996 968 salua
1007 921 1164 981 expositione
1175 933 1233 981 pro·

96 1022 99 1027 ,
145 985 246 1043 peceato
262 987 336 1035 vivit
348 990 484 1039 Moriuntur
494 990 561 1037 ineo
572 991 675 1050 singulae
700 989 819 1036 lautioris
826 989 939 1048 mysterii
947 988 978 1035 ad
986 987 1081 1050 reliqua
1091 1000 1231 1050 pergamus.

143 1053 675 1118 passiones:morituruisusquipeceatum
922 1086 1008 1100 --

145 1123 344 1185 annuntiat,qui
352 1125 451 1173 mulieri
463 1126 546 1173 fallaci
554 1125 675 1183 intendit,
724 1124 735 1137 '
869 1153 995 1208 CAPUT
1008 1154 1052 1207 XI

144 1191 188 1249 qui
199 1191 296 1251 capitur
306 1193 382 1239 alieni
392 1194 476 1240 vultus
487 1193 675 1251 decore,quem
762 1204 763 1207 ¹
1054 1189 1061 1206 ¹

144 1258 211 1305 oculi
224 1260 364 1307 meretricis
377 1260 530 1319 ligaverint,
545 1271 619 1320 quem
634 1259 676 1306 ad·
700 1253 780 1294 varum
795 1255 879 1303 imnum
889 1256 930 1295 sibl
944 1267 968 1295 se
981 1257 1024 1296 sun
1037 1256 1104 1296 aaron
1118 1267 1173 1303 eser
1182 1258 1231 1297 ittet

143 1327 675 1388 spectnsillaqueaveritfornicarie.ennon
720 1310 1231 1412 {fssossuffiffmffigffiffiffiffi

144 1395 246 1471 uidetur
262 1395 389 1454 mori,qul
408 1395 456 1442 sibi
469 1395 580 1442 libiullnis
594 1396 674 1442 telum
720 1415 759 1461 qu,
769 1415 872 1461 jugmp
880 1416 1050 1464 apuohomiuos.
1059 1417 1156 1466 mum,
1165 1427 1230 1455 mon-

98 1502 102 1516 ,
146 1464 314 1523 impresserit,
327 1463 369 1524 qui
381 1464 528 1523 spontaneus
540 1463 566 1509 in
576 1463 673 1510 foueam
720 1470 764 1503 tem
769 1466 936 1517 interposituros
941 1468 1229 1520 quuipatrnrmnlunoblrs

144 1530 672 1591 mortisirrueritiMorilurotaudltus,cum
720 1519 824 1557 oneum.

144 1597 223 1645 refert
238 1599 354 1660 crimina,
365 1612 420 1647 eum
431 1598 586 1647 sollicitantis
602 1599 673 1646 adul·
692 1603 702 1636 ·.
714 1597 765 1660 ,56.
781 1600 862 1657 latro,
874 1599 969 1660 inquit,
981 1602 1007 1649 tu
1016 1602 1039 1647 et
1054 1601 1130 1649 omnis
1146 1600 1229 1648 domur

143 1666 192 1713 teri
203 1680 341 1715 sermonem
355 1668 503 1728 annuntiat,
513 1681 570 1715 eum
585 1667 673 1715 inserit
697 1669 738 1715 tao
749 1669 773 1715 in
783 1682 879 1729 orooro,-
891 1672 947 1729 quia
956 1672 976 1717 te
987 1671 1036 1718 otili
1045 1669 1138 1728 festum
1148 1681 1230 1716 eorem

144 1735 233 1782 animis
241 1737 318 1784 verba
325 1737 464 1785 meretricis
471 1750 526 1797 quae
532 1736 629 1784 seducit
633 1737 673 1796 ju·
696 1749 732 1784 me
748 1739 774 1784 io
790 1739 937 1798 gennetines
952 1740 1006 1786 istu.
1023 1737 1151 1785 Manifeste
1167 1737 1229 1787 tides

144 1815 234 1850 venem
250 1805 326 1854 multo
343 1805 513 1853 blandimento
531 1807 670 1866 sermonis3
696 1807 846 1866 propheticas
863 1807 991 1854 sententiae
1016 1806 1091 1854 etiam
1116 1807 1162 1854 boo
1180 1805 1225 1854 ad-

144 1872 238 1932 laqueis
247 1874 330 1923 autem
343 1875 464 1922 labiorum
479 1886 579 1922 suorum
590 1874 670 1934 illigat
696 1875 800 1922 simitur
808 1876 875 1934 loeo;
885 1876 944 1936 quia
953 1875 1043 1924 stultus
1051 1874 1100 1923 sibl
1111 1875 1157 1923 soli
1167 1875 1230 1923 stul-

145 1951 211 1987 eum:
221 1942 323 1990 Moritur
332 1955 381 1990 vox
392 1942 507 2000 silentio,
517 1942 539 1989 si
553 1954 603 1989 non
614 1954 673 1989 oon·
697 1942 735 1988 tus
746 1943 796 2000 est,
810 1944 910 2003 sapiens
920 1945 1003 1991 autem
1014 1942 1062 1990 sibi
1077 1943 1103 1990 et
1113 1943 1228 2004 plurimis

144 2006 243 2057 fiteatur
252 2010 313 2058 ileo.
324 2008 603 2069 Moriturmultiloqui03
615 2009 673 2068 quia
697 2008 769 2066 sapit.
786 2008 872 2068 ltaque
892 2011 943 2056 Moe
963 2009 1026 2067 iusti
1044 2010 1134 2056 merito
1153 2011 1228 2057 etiam

144 2077 311 2137 scriptumest
324 2091 331 2126 ι
342 2080 383 2126 Ba
397 2079 544 2137 multiloquio
558 2089 606 2124 oon
617 2077 673 2134 effe-
697 2075 782 2123 domus
792 2076 846 2134 eius
861 2077 889 2123 in
898 2076 994 2124 diluvio
1010 2075 1134 2124 servatur.
1146 2075 1186 2122 Sic
1202 2075 1229 2122 in

144 2145 190 2204 pies
197 2149 325 2206 peccatum.
337 2146 441 2193 Moritur
450 2157 496 2206 per
505 2144 671 2204 iracundiam,
697 2145 758 2190 mari
768 2147 924 2205 navigantes,
935 2145 961 2194 et
973 2145 1000 2192 in
1010 2145 1078 2193 bello
1090 2143 1228 2203 exercitus,

144 2213 671 2275 mmpretergrediturmensuramultionis.
696 2213 717 2260 si
732 2210 783 2260 illis
793 2226 843 2261 non
854 2213 919 2262 (lesit
936 2211 1108 2274 gubernatoris
1123 2211 1228 2270 peritia,

144 2279 227 2329 Omnis
242 2295 346 2343 namque
360 2285 483 2343 postremo
497 2294 582 2330 sensus
597 2281 672 2330 mori·
696 2281 749 2331 istis
765 2283 920 2343 imperatoris
933 2281 1081 2343 prudentia,
1093 2281 1228 2341 epericulo

143 2350 199 2408 tur,
209 2350 229 2398 si
242 2351 354 2398 minister
364 2352 397 2398 sit
408 2350 554 2410 iniquitatis.
693 2350 743 2411 tuti
755 2352 903 2398 suntalieua
914 2364 969 2411 ope.
981 2350 1030 2398 seu
1040 2349 1099 2410 quia
1110 2348 1168 2395 boni
1181 2348 1229 2394 im·

173 2417 212 2465 55.
224 2420 253 2467 Et
270 2420 327 2468 ideo
342 2421 401 2479 quia
412 2420 511 2466 terrena
522 2417 604 2465 omnia
620 2429 672 2464 mo·
696 2418 816 2475 peratoris
841 2418 922 2466 bonus
948 2418 1077 2467 exercitus
1096 2418 1147 2477 est3
1172 2416 1227 2464 ideo

144 2486 244 2535 rinntur
255 2488 364 2546 diluvio,
376 2489 441 2534 solus
456 2486 539 2533 autem
553 2485 635 2544 justus
647 2486 672 2532 in
696 2483 771 2532 etiarn
786 2486 813 2532 in
830 2498 859 2533 eo
871 2486 969 2534 laudem
985 2486 1049 2544 iusti
1065 2485 1227 2546 intelligimus

144 2555 265 2603 :eternum
272 2555 407 2614 manet,ad
419 2555 499 2614 ipsum
510 2553 673 2602 dieiturssto·
696 2564 745 2598 non
760 2554 894 2614 praeteriri,
905 2554 948 2615 qui
965 2555 1041 2602 talem
1059 2554 1168 2602 instituit
1183 2555 1227 2602 llo-

143 2628 210 2670 lirum
219 2626 379 2671 testamentum
387 2621 610 2680 menmodterquia
619 2621 672 2681 ipse
696 2632 764 2666 mum
779 2621 862 2682 suam,
879 2624 908 2670 ut
924 2621 1025 2671 virtutis
1044 2622 1153 2683 fulgeret
1171 2634 1228 2671 eon-

142 2691 235 2739 divinae
249 2692 288 2739 est
301 2691 380 2738 haeres
391 2690 487 2750 guttim,
498 2690 551 2748 ipse
563 2689 671 2738 eoelestis
696 2689 783 2748 sorti03
794 2691 932 2751 meritoque
947 2689 1046 2739 invenit
1055 2689 1160 2738 salutem
1171 2702 1227 2748 cog-

142 2771 267 2819 possessor
287 2758 454 2817 baereditatis,
475 2756 672 2804 beatissimorum
696 2755 772 2804 natio.
789 2759 840 2816 Neo
856 2758 990 2817 repugnat,
1007 2757 1066 2816 quia
1082 2757 1167 2815 postea
1185 2756 1228 2802 aut

141 2839 240 2875 consors
254 2827 382 2874 bonorum.
398 2826 429 2872 lit
446 2825 558 2873 homiues
573 2825 672 2885 quidem
692 2824 771 2884 tilius,
778 2825 822 2872 aut
829 2837 892 2872 uxor
899 2824 1012 2871 offendit.
1025 2822 1228 2880 bormiebatjus-

142 2908 198 2945 eum
206 2896 353 2954 moriuntur,
361 2894 537 2954 patrimonium
546 2905 616 2940 suum
622 2895 673 2942 tes-
696 2892 744 2950 tus,
751 2905 807 2939 curn
814 2891 910 2939 erraret
919 2891 994 2938 iilius.
1011 2891 1112 2937 Femina
1129 2903 1227 2950 quoque

143 2963 251 3009 lamento
266 2963 431 3010 transcribere
442 2961 537 3019 solent3
548 2973 595 3008 nec
605 2961 672 3008 cedit
692 2961 781 3020 utpote
795 2973 870 3008 sexus
886 2958 1022 3020 fragilioris
1039 2958 1105 3006 mole
1121 2957 1227 3018 periculi

142 3031 291 3090 baereditas,
307 3030 385 3078 donee
397 3029 458 3077 vivit
468 3030 589 3092 testator:
603 3029 670 3077 Deus
695 3029 800 3088 turbata,
805 3040 860 3088 qua
868 3027 947 3076 totum
953 3028 1041 3076 orbem
1049 3027 1136 3075 divino
1142 3027 1227 3074 ineen-

79 3157 85 3165 ⁸
143 3099 225 3148 euim
234 3099 330 3148 sumsit
338 3099 512 3159 sempiternus,
521 3097 670 3147 transfundit
694 3097 735 3145 dio
757 3097 840 3157 perire
858 3096 985 3155 erederet,
1006 3095 1070 3158 quill
1090 3095 1188 3143 miraris
1204 3097 1227 3144 si
1259 3089 1261 3093 ’

140 3169 214 3229 justia
225 3169 316 3216 divinae
326 3167 498 3216 hereditatem
509 3168 667 3228 substantiae3
693 3166 776 3213 uuum
804 3177 854 3212 non
875 3165 958 3226 potuit
980 3163 1069 3226 sequi,
1093 3177 1150 3212 oum
1172 3163 1226 3224 ipse

143 3237 230 3298 etipse
240 3250 289 3285 non
297 3237 409 3297 indigens
418 3237 492 3286 donat
502 3249 545 3285 sua
555 3237 610 3285 sine
618 3238 669 3285 ullo
691 3233 771 3291 justus
782 3234 813 3282 ab
821 3234 920 3295 Angelis
929 3234 1038 3282 monitus
1047 3233 1092 3282 rix
1102 3232 1227 3281 eraserit?

142 3306 281 3354 donationis
295 3304 443 3365 dispendio,
458 3317 534 3365 quem
548 3317 597 3352 non
613 3317 670 3365 gra·
692 3303 756 3361 Quid
766 3305 850 3351 autem
868 3301 959 3349 mirum
976 3301 997 3348 si
1015 3300 1111 3348 bomini
1129 3300 1227 3360 obrepit

141 3374 202 3421 vent
214 3385 313 3422 suorum
328 3364 453 3420 consortes
467 3373 601 3432 bonorum,
616 3384 670 3419 ma·
693 3383 775 3430 error,
785 3370 829 3418 aut
847 3383 874 3419 se
893 3369 989 3418 relaxat
1006 3366 1129 3415 intentio?
1145 3367 1226 3426 Argue

141 3442 227 3502 gisque
240 3441 332 3490 buitur
343 3453 372 3489 eo
384 3454 432 3501 quo
447 3453 492 3488 nos
506 3442 606 3488 utimur.
618 3440 669 3488 be-
694 3453 750 3501 ergo
764 3442 823 3502 quia
839 3440 865 3488 et
880 3437 960 3498 iustus
974 3437 1109 3485 inebriatus
1119 3436 1165 3484 est.
1177 3434 1225 3485 Sed

141 3511 217 3571 nique
224 3509 342 3558 Dominus
352 3510 422 3557 lesus
432 3519 527 3568 pauper
536 3506 614 3555 iaetus
622 3510 669 3569 est,
693 3511 746 3557 baee
756 3512 810 3557 loco
820 3522 864 3558 suo
875 3506 1023 3556 reservanda
1033 3506 1146 3553 arbitror.

84 3579 91 3592 “
141 3573 670 3637 oumdivosesset,utnosilliusinop1adi·
723 3578 763 3624 57¹.
782 3578 850 3624 Mune
868 3575 933 3636 quod
949 3575 1062 3634 superest
1082 3571 1224 3623 considere-

140 3652 251 3696 taremur
263 3662 269 3693 r
280 3648 324 3709 qui
338 3646 526 3696 Testamentum.
537 3640 674 3705 utrumque
693 3658 757 3693 mus.
772 3646 859 3692 Pulors
878 3643 945 3692 enim
964 3642 1030 3692 uixit
1046 3643 1128 3705 rQeio
1137 3643 1186 3690 otrlt
1203 3645 1224 3690 tr

141 3729 184 3764 suo
196 3715 374 3765 consummavit
381 3715 513 3775 sanguine;
524 3714 552 3760 ut
559 3724 604 3760 nos
611 3712 669 3761 vitae
690 3715 782 3774 fastum
800 3725 881 3760 eorem
898 3725 935 3761 me
957 3713 983 3759 in
1001 3713 1148 3772 generatione
1168 3713 1222 3760 isus.

140 3800 191 3835 suae
201 3786 353 3845 eobaeredes,
365 3787 390 3835 et
400 3784 486 3833 mortis
492 3783 669 3832 iaceretbaere·
694 3781 764 3828 Multi
780 3780 921 3828 bominibus
933 3779 994 3838 justi
1007 3779 1137 3839 ridentur,
1149 3779 1222 3838 pauet

141 3856 193 3916 des,
202 3867 250 3915 quo
258 3853 346 3901 etvitae
355 3853 502 3901 haberemus
510 3851 669 3910 consortium,
694 3850 745 3898 Deo
755 3863 761 3896 r
772 3849 844 3897 aliter
854 3848 1009 3908 bominibus,
1018 3848 1091 3895 aliter
1101 3848 1160 3893 Deo.
1172 3847 1222 3892 llo·

141 3925 167 3972 et
184 3923 271 3971 mortis
288 3923 444 3970 beneficium.
464 3922 566 3970 Multum
585 3922 669 3969 autem
693 3918 801 3966 minibus
816 3918 952 3966 seeundum
963 3916 1021 3964 vita
1038 3915 1158 3975 speeie1n3
1170 3914 1221 3958 lieo

139 3992 231 4041 tribuit
246 3991 325 4050 justo,
342 3991 445 4039 dicendo
457 4005 464 4035 ι
476 3982 670 4039 Statuam'lestu-
694 3987 829 4036 seeundum
851 3986 987 4046 puritatem
1005 3984 1095 4041 animi,
1120 3978 1222 4026 virtutis

140 4064 246 4112 minim
262 4074 339 4109 rurum
353 4061 383 4107 eol
395 4063 429 4118 [ες
446 4071 474 4106 eo
489 4057 553 4118 quod
564 4057 671 4106 rationa-
694 4055 837 4113 veritatem
850 4053 1023 4111 homiliasque
1033 4050 1089 4097 ioris
1100 4046 1222 4105 suntpro-
