<?xml version="1.0" encoding="UTF-8"?>
<!DOCTYPE html PUBLIC "-//W3C//DTD XHTML 1.0 Transitional//EN"
    "http://www.w3.org/TR/xhtml1/DTD/xhtml1-transitional.dtd">
<html xmlns="http://www.w3.org/1999/xhtml" xml:lang="en" lang="en">
 <head>
  <title>
</title>
<meta http-equiv="Content-Type" content="text/html;charset=utf-8" />
  <meta name='ocr-system' content='tesseract 3.04.00' />
  <meta name='ocr-capabilities' content='ocr_page ocr_carea ocr_par ocr_line ocrx_word'/>
</head>
<body>
  <div class='ocr_page' id='page_1' title='image "./operaomnia02ambrgoog/operaomnia02ambrgoog_0210.png"; bbox 0 0 2752 4806; ppageno 0'>
   <div class='ocr_carea' id='block_1_1' title="bbox 171 394 1266 1431">
    <p class='ocr_par' dir='ltr' id='par_1_1' title="bbox 171 394 1266 1431">
     <span class='ocr_line' id='line_1_1' title="bbox 451 394 1261 465; baseline 0 -19"><span class='ocrx_word' id='word_1_1' title='bbox 451 394 495 446; x_wconf 80' lang='lat' dir='ltr'><strong>&#39;bu</strong></span> <span class='ocrx_word' id='word_1_2' title='bbox 511 394 577 446; x_wconf 82' lang='lat' dir='ltr'><strong>Nou</strong></span> <span class='ocrx_word' id='word_1_3' title='bbox 591 403 637 448; x_wconf 79' lang='lat' dir='ltr'><strong>uu</strong></span> <span class='ocrx_word' id='word_1_4' title='bbox 656 397 749 465; x_wconf 72' lang='lat' dir='ltr'><strong>naun</strong></span> <span class='ocrx_word' id='word_1_5' title='bbox 764 401 867 445; x_wconf 73' lang='lat' dir='ltr'><strong>uitauit</strong></span> <span class='ocrx_word' id='word_1_6' title='bbox 887 400 984 445; x_wconf 87' lang='lat' dir='ltr'>UNUS.</span> <span class='ocrx_word' id='word_1_7' title='bbox 1216 398 1261 446; x_wconf 75' lang='lat' dir='ltr'><strong>m</strong></span> 
     </span>
     <span class='ocr_line' id='line_1_2' title="bbox 176 476 1265 543; baseline 0.002 -15"><span class='ocrx_word' id='word_1_8' title='bbox 176 476 262 528; x_wconf 71' lang='lat' dir='ltr'><strong>tonsus</strong></span> <span class='ocrx_word' id='word_1_9' title='bbox 276 482 340 528; x_wconf 85' lang='lat' dir='ltr'><strong>esset</strong></span> <span class='ocrx_word' id='word_1_10' title='bbox 356 482 489 541; x_wconf 85' lang='lat' dir='ltr'><strong>erroribus,</strong></span> <span class='ocrx_word' id='word_1_11' title='bbox 500 483 584 532; x_wconf 83' lang='lat' dir='ltr'><strong>tamen</strong></span> <span class='ocrx_word' id='word_1_12' title='bbox 599 483 707 543; x_wconf 79' lang='lat' dir='ltr'><strong>antiquae</strong></span> <span class='ocrx_word' id='word_1_13' title='bbox 731 481 872 542; x_wconf 80' lang='lat' dir='ltr'><strong>pectoribus</strong></span> <span class='ocrx_word' id='word_1_14' title='bbox 898 482 1056 540; x_wconf 71' lang='lat' dir='ltr'><strong>iudaeorum}</strong></span> <span class='ocrx_word' id='word_1_15' title='bbox 1067 481 1178 532; x_wconf 56' lang='lat' dir='ltr'><strong>“et-&#39;cum</strong></span> <span class='ocrx_word' id='word_1_16' title='bbox 1202 495 1265 543; x_wconf 84' lang='lat' dir='ltr'><strong>aqua</strong></span> 
     </span>
     <span class='ocr_line' id='line_1_3' title="bbox 174 549 1266 614; baseline 0.005 -19"><span class='ocrx_word' id='word_1_17' title='bbox 174 550 247 598; x_wconf 91' lang='lat' dir='ltr'><strong>uobis</strong></span> <span class='ocrx_word' id='word_1_18' title='bbox 264 553 382 614; x_wconf 76' lang='lat' dir='ltr'><strong>prosapiae</strong></span> <span class='ocrx_word' id='word_1_19' title='bbox 401 551 536 613; x_wconf 87' lang='lat' dir='ltr'><strong>patrlaeqne</strong></span> <span class='ocrx_word' id='word_1_20' title='bbox 553 551 653 601; x_wconf 80' lang='lat' dir='ltr'><strong>uirtutis</strong></span> <span class='ocrx_word' id='word_1_21' title='bbox 668 549 708 599; x_wconf 66' lang='lat' dir='ltr'><strong>eess</strong></span> <span class='ocrx_word' id='word_1_22' title='bbox 732 552 839 598; x_wconf 80' lang='lat' dir='ltr'><strong>celestis</strong></span> <span class='ocrx_word' id='word_1_23' title='bbox 851 550 968 599; x_wconf 79' lang='lat' dir='ltr'><strong>doctmnae</strong></span> <span class='ocrx_word' id='word_1_24' title='bbox 979 550 1186 611; x_wconf 62' lang='lat' dir='ltr'><strong>exerceamus</strong></span> <span class='ocrx_word' id='word_1_25' title='bbox 1200 564 1266 600; x_wconf 85' lang='lat' dir='ltr'><strong>exn·</strong></span> 
     </span>
     <span class='ocr_line' id='line_1_4' title="bbox 174 619 1264 682; baseline 0.005 -18"><span class='ocrx_word' id='word_1_26' title='bbox 174 628 233 665; x_wconf 88' lang='lat' dir='ltr'><strong>meu</strong></span> <span class='ocrx_word' id='word_1_27' title='bbox 249 622 347 682; x_wconf 77' lang='lat' dir='ltr'><strong>aliquod</strong></span> <span class='ocrx_word' id='word_1_28' title='bbox 362 621 403 668; x_wconf 82' lang='lat' dir='ltr'><strong>vel</strong></span> <span class='ocrx_word' id='word_1_29' title='bbox 421 620 540 680; x_wconf 84' lang='lat' dir='ltr'><strong>exiguum</strong></span> <span class='ocrx_word' id='word_1_30' title='bbox 555 621 707 678; x_wconf 86' lang='lat' dir='ltr'><strong>reservaret,</strong></span> <span class='ocrx_word' id='word_1_31' title='bbox 732 620 866 678; x_wconf 87' lang='lat' dir='ltr'><strong>beret,non</strong></span> <span class='ocrx_word' id='word_1_32' title='bbox 876 620 965 679; x_wconf 88' lang='lat' dir='ltr'><strong>putant</strong></span> <span class='ocrx_word' id='word_1_33' title='bbox 975 619 1264 679; x_wconf 70' lang='lat' dir='ltr'><strong>essepotanounevan-</strong></span> 
     </span>
     <span class='ocr_line' id='line_1_5' title="bbox 172 684 1261 750; baseline 0.005 -18"><span class='ocrx_word' id='word_1_34' title='bbox 172 695 205 733; x_wconf 87' lang='lat' dir='ltr'><strong>ne</strong></span> <span class='ocrx_word' id='word_1_35' title='bbox 213 689 313 746; x_wconf 87' lang='lat' dir='ltr'><strong>penitas</strong></span> <span class='ocrx_word' id='word_1_36' title='bbox 323 689 405 750; x_wconf 85' lang='lat' dir='ltr'><strong>operis</strong></span> <span class='ocrx_word' id='word_1_37' title='bbox 413 689 439 736; x_wconf 93' lang='lat' dir='ltr'><strong>et</strong></span> <span class='ocrx_word' id='word_1_38' title='bbox 448 691 567 737; x_wconf 88' lang='lat' dir='ltr'><strong>creaturae</strong></span> <span class='ocrx_word' id='word_1_39' title='bbox 575 703 624 736; x_wconf 78' lang='lat' dir='ltr'><strong>suaa</strong></span> <span class='ocrx_word' id='word_1_40' title='bbox 635 684 707 737; x_wconf 90' lang='lat' dir='ltr'><strong>omne</strong></span> <span class='ocrx_word' id='word_1_41' title='bbox 731 689 825 747; x_wconf 74' lang='lat' dir='ltr'><strong>getium</strong></span> <span class='ocrx_word' id='word_1_42' title='bbox 843 689 944 749; x_wconf 71' lang='lat' dir='ltr'><strong>iegitur,</strong></span> <span class='ocrx_word' id='word_1_43' title='bbox 952 689 1033 736; x_wconf 85' lang='lat' dir='ltr'><strong>virtus</strong></span> <span class='ocrx_word' id='word_1_44' title='bbox 1044 689 1098 735; x_wconf 85' lang='lat' dir='ltr'><strong>exit</strong></span> <span class='ocrx_word' id='word_1_45' title='bbox 1108 687 1139 734; x_wconf 88' lang='lat' dir='ltr'><strong>de</strong></span> <span class='ocrx_word' id='word_1_46' title='bbox 1150 701 1261 737; x_wconf 90' lang='lat' dir='ltr'><strong>sermono</strong></span> 
     </span>
     <span class='ocr_line' id='line_1_6' title="bbox 174 753 1264 818; baseline 0.006 -18"><span class='ocrx_word' id='word_1_47' title='bbox 174 753 238 802; x_wconf 86' lang='lat' dir='ltr'><strong>circa</strong></span> <span class='ocrx_word' id='word_1_48' title='bbox 248 757 383 806; x_wconf 77' lang='lat' dir='ltr'><strong>hummum</strong></span> <span class='ocrx_word' id='word_1_49' title='bbox 394 770 471 818; x_wconf 81' lang='lat' dir='ltr'><strong>genus</strong></span> <span class='ocrx_word' id='word_1_50' title='bbox 487 759 658 818; x_wconf 79' lang='lat' dir='ltr'><strong>amputaretur</strong></span> <span class='ocrx_word' id='word_1_51' title='bbox 667 758 707 804; x_wconf 89' lang='lat' dir='ltr'><strong>iu·</strong></span> <span class='ocrx_word' id='word_1_52' title='bbox 731 758 930 816; x_wconf 87' lang='lat' dir='ltr'><strong>coeiesti,tractat</strong></span> <span class='ocrx_word' id='word_1_53' title='bbox 935 758 1052 806; x_wconf 90' lang='lat' dir='ltr'><strong>Sacerdos</strong></span> <span class='ocrx_word' id='word_1_54' title='bbox 1059 758 1209 805; x_wconf 83' lang='lat' dir='ltr'><strong>inEcclesia.</strong></span> <span class='ocrx_word' id='word_1_55' title='bbox 1216 757 1264 806; x_wconf 88' lang='lat' dir='ltr'><strong>Sed</strong></span> 
     </span>
     <span class='ocr_line' id='line_1_7' title="bbox 172 822 1264 885; baseline 0.001 -15"><span class='ocrx_word' id='word_1_56' title='bbox 172 822 251 883; x_wconf 70' lang='lat' dir='ltr'><strong>aigne.</strong></span> <span class='ocrx_word' id='word_1_57' title='bbox 261 826 332 874; x_wconf 85' lang='lat' dir='ltr'><strong>Unde</strong></span> <span class='ocrx_word' id='word_1_58' title='bbox 342 827 368 875; x_wconf 90' lang='lat' dir='ltr'><strong>et</strong></span> <span class='ocrx_word' id='word_1_59' title='bbox 377 827 459 874; x_wconf 78' lang='lat' dir='ltr'><strong>Esaias</strong></span> <span class='ocrx_word' id='word_1_60' title='bbox 471 825 522 874; x_wconf 89' lang='lat' dir='ltr'><strong>ait:</strong></span> <span class='ocrx_word' id='word_1_61' title='bbox 533 827 707 874; x_wconf 79' lang='lat' dir='ltr'><strong>liteiDominus</strong></span> <span class='ocrx_word' id='word_1_62' title='bbox 730 836 761 871; x_wconf 92' lang='lat' dir='ltr'><strong>ue</strong></span> <span class='ocrx_word' id='word_1_63' title='bbox 772 823 835 874; x_wconf 90' lang='lat' dir='ltr'><strong>torte</strong></span> <span class='ocrx_word' id='word_1_64' title='bbox 850 826 914 873; x_wconf 87' lang='lat' dir='ltr'><strong>intra</strong></span> <span class='ocrx_word' id='word_1_65' title='bbox 929 838 1011 874; x_wconf 87' lang='lat' dir='ltr'><strong>arcam</strong></span> <span class='ocrx_word' id='word_1_66' title='bbox 1021 826 1116 885; x_wconf 91' lang='lat' dir='ltr'><strong>positus</strong></span> <span class='ocrx_word' id='word_1_67' title='bbox 1131 825 1198 872; x_wconf 86' lang='lat' dir='ltr'><strong>solus</strong></span> <span class='ocrx_word' id='word_1_68' title='bbox 1214 836 1264 872; x_wconf 91' lang='lat' dir='ltr'><strong>non</strong></span> 
     </span>
     <span class='ocr_line' id='line_1_8' title="bbox 172 891 1265 955; baseline 0.001 -17"><span class='ocrx_word' id='word_1_69' title='bbox 172 891 276 940; x_wconf 76' lang='lat' dir='ltr'><strong>Sabaoth</strong></span> <span class='ocrx_word' id='word_1_70' title='bbox 291 896 425 955; x_wconf 72' lang='lat' dir='ltr'><strong>reliquisset</strong></span> <span class='ocrx_word' id='word_1_71' title='bbox 443 894 511 942; x_wconf 82' lang='lat' dir='ltr'><strong>nobis</strong></span> <span class='ocrx_word' id='word_1_72' title='bbox 530 908 626 952; x_wconf 69' lang='lat' dir='ltr'><strong>umen,</strong></span> <span class='ocrx_word' id='word_1_73' title='bbox 647 897 707 943; x_wconf 84' lang='lat' dir='ltr'><strong>sicut</strong></span> <span class='ocrx_word' id='word_1_74' title='bbox 730 895 806 952; x_wconf 87' lang='lat' dir='ltr'><strong>possit</strong></span> <span class='ocrx_word' id='word_1_75' title='bbox 832 895 930 952; x_wconf 88' lang='lat' dir='ltr'><strong>audiri,</strong></span> <span class='ocrx_word' id='word_1_76' title='bbox 952 895 1077 942; x_wconf 84' lang='lat' dir='ltr'><strong>interdum</strong></span> <span class='ocrx_word' id='word_1_77' title='bbox 1104 894 1130 941; x_wconf 92' lang='lat' dir='ltr'><strong>et</strong></span> <span class='ocrx_word' id='word_1_78' title='bbox 1152 900 1265 952; x_wconf 76' lang='lat' dir='ltr'><strong>egressus</strong></span> 
     </span>
     <span class='ocr_line' id='line_1_9' title="bbox 171 960 1266 1022; baseline -0.001 -14"><span class='ocrx_word' id='word_1_79' title='bbox 171 960 272 1009; x_wconf 78' lang='lat' dir='ltr'><strong><em>Sodoma</em></strong></span> <span class='ocrx_word' id='word_1_80' title='bbox 280 962 342 1021; x_wconf 72' lang='lat' dir='ltr'><strong>¹socii</strong></span> <span class='ocrx_word' id='word_1_81' title='bbox 353 976 465 1021; x_wconf 83' lang='lat' dir='ltr'><strong>essemus,</strong></span> <span class='ocrx_word' id='word_1_82' title='bbox 474 965 497 1010; x_wconf 88' lang='lat' dir='ltr'><strong>ct</strong></span> <span class='ocrx_word' id='word_1_83' title='bbox 506 966 566 1010; x_wconf 88' lang='lat' dir='ltr'><strong>sicut</strong></span> <span class='ocrx_word' id='word_1_84' title='bbox 573 963 707 1010; x_wconf 74' lang='lat' dir='ltr'><strong>Gomorrha</strong></span> <span class='ocrx_word' id='word_1_85' title='bbox 730 962 930 1022; x_wconf 60' lang='lat' dir='ltr'><strong>Ecclesiammbi</strong></span> <span class='ocrx_word' id='word_1_86' title='bbox 942 962 1040 1009; x_wconf 72' lang='lat' dir='ltr'><strong>iudans</strong></span> <span class='ocrx_word' id='word_1_87' title='bbox 1052 961 1200 1020; x_wconf 90' lang='lat' dir='ltr'><strong>occurrerit,</strong></span> <span class='ocrx_word' id='word_1_88' title='bbox 1210 973 1266 1007; x_wconf 90' lang='lat' dir='ltr'><strong>mo·</strong></span> 
     </span>
     <span class='ocr_line' id='line_1_10' title="bbox 172 1027 1265 1088; baseline -0.001 -13"><span class='ocrx_word' id='word_1_89' title='bbox 172 1029 524 1088; x_wconf 57' lang='lat' dir='ltr'><strong>rimticscsacmos-‚in&#39;aiterius</strong></span> <span class='ocrx_word' id='word_1_90' title='bbox 534 1031 634 1078; x_wconf 90' lang='lat' dir='ltr'><strong>nomine</strong></span> <span class='ocrx_word' id='word_1_91' title='bbox 645 1030 707 1077; x_wconf 83' lang='lat' dir='ltr'><strong>civi·</strong></span> <span class='ocrx_word' id='word_1_92' title='bbox 730 1030 785 1087; x_wconf 90' lang='lat' dir='ltr'><strong>net,</strong></span> <span class='ocrx_word' id='word_1_93' title='bbox 798 1029 939 1088; x_wconf 85' lang='lat' dir='ltr'><strong>exemplum</strong></span> <span class='ocrx_word' id='word_1_94' title='bbox 950 1028 1030 1076; x_wconf 82' lang='lat' dir='ltr'><strong>adfert</strong></span> <span class='ocrx_word' id='word_1_95' title='bbox 1040 1029 1179 1076; x_wconf 75' lang='lat' dir='ltr'><strong>celestium</strong></span> <span class='ocrx_word' id='word_1_96' title='bbox 1186 1027 1265 1088; x_wconf 85' lang='lat' dir='ltr'><strong>scrip·</strong></span> 
     </span>
     <span class='ocr_line' id='line_1_11' title="bbox 172 1095 1265 1157; baseline 0.001 -14"><span class='ocrx_word' id='word_1_97' title='bbox 172 1095 230 1144; x_wconf 85' lang='lat' dir='ltr'><strong>tatis</strong></span> <span class='ocrx_word' id='word_1_98' title='bbox 241 1099 383 1157; x_wconf 83' lang='lat' dir='ltr'><strong>exprimens</strong></span> <span class='ocrx_word' id='word_1_99' title='bbox 398 1098 516 1145; x_wconf 74' lang='lat' dir='ltr'><strong>caecitmis</strong></span> <span class='ocrx_word' id='word_1_100' title='bbox 531 1098 651 1145; x_wconf 88' lang='lat' dir='ltr'><strong>iudicium</strong></span> <span class='ocrx_word' id='word_1_101' title='bbox 661 1130 669 1154; x_wconf 90' lang='lat'><strong>,</strong></span> <span class='ocrx_word' id='word_1_102' title='bbox 680 1098 707 1146; x_wconf 91' lang='lat' dir='ltr'><strong>in</strong></span> <span class='ocrx_word' id='word_1_103' title='bbox 731 1096 850 1144; x_wconf 81' lang='lat' dir='ltr'><strong>iturarum.</strong></span> <span class='ocrx_word' id='word_1_104' title='bbox 861 1095 981 1146; x_wconf 82' lang='lat' dir='ltr'><strong>claudunt</strong></span> <span class='ocrx_word' id='word_1_105' title='bbox 991 1109 1109 1156; x_wconf 65' lang='lat' dir='ltr'><strong>aureque</strong></span> <span class='ocrx_word' id='word_1_106' title='bbox 1117 1097 1158 1145; x_wconf 86' lang='lat' dir='ltr'><strong>vei</strong></span> <span class='ocrx_word' id='word_1_107' title='bbox 1169 1096 1265 1144; x_wconf 81' lang='lat' dir='ltr'><strong>invitos</strong></span> 
     </span>
     <span class='ocr_line' id='line_1_12' title="bbox 172 1163 1264 1227; baseline 0.005 -18"><span class='ocrx_word' id='word_1_108' title='bbox 172 1163 274 1212; x_wconf 75' lang='lat' dir='ltr'><strong>ulterius</strong></span> <span class='ocrx_word' id='word_1_109' title='bbox 294 1165 460 1213; x_wconf 67' lang='lat' dir='ltr'><strong>sterilitatem.</strong></span> <span class='ocrx_word' id='word_1_110' title='bbox 479 1167 516 1212; x_wconf 86' lang='lat' dir='ltr'><strong>ita</strong></span> <span class='ocrx_word' id='word_1_111' title='bbox 537 1166 605 1212; x_wconf 90' lang='lat' dir='ltr'><strong>enim</strong></span> <span class='ocrx_word' id='word_1_112' title='bbox 622 1166 707 1225; x_wconf 78' lang='lat' dir='ltr'><strong>lingua</strong></span> <span class='ocrx_word' id='word_1_113' title='bbox 731 1165 784 1213; x_wconf 88' lang='lat' dir='ltr'><strong>tons</strong></span> <span class='ocrx_word' id='word_1_114' title='bbox 802 1168 898 1227; x_wconf 89' lang='lat' dir='ltr'><strong>abluat,</strong></span> <span class='ocrx_word' id='word_1_115' title='bbox 909 1168 935 1214; x_wconf 87' lang='lat' dir='ltr'><strong>et</strong></span> <span class='ocrx_word' id='word_1_116' title='bbox 950 1167 1021 1214; x_wconf 82' lang='lat' dir='ltr'><strong>verbi</strong></span> <span class='ocrx_word' id='word_1_117' title='bbox 1037 1167 1160 1214; x_wconf 88' lang='lat' dir='ltr'><strong>Dominici</strong></span> <span class='ocrx_word' id='word_1_118' title='bbox 1175 1166 1264 1216; x_wconf 84' lang='lat' dir='ltr'><strong>humor</strong></span> 
     </span>
     <span class='ocr_line' id='line_1_13' title="bbox 171 1233 1264 1294; baseline 0 -14"><span class='ocrx_word' id='word_1_119' title='bbox 171 1233 251 1292; x_wconf 91' lang='lat' dir='ltr'><strong>patria</strong></span> <span class='ocrx_word' id='word_1_120' title='bbox 265 1235 374 1282; x_wconf 80' lang='lat' dir='ltr'><strong>Chaldaei</strong></span> <span class='ocrx_word' id='word_1_121' title='bbox 389 1235 565 1293; x_wconf 84' lang='lat' dir='ltr'><strong>nuncuparunt</strong></span> <span class='ocrx_word' id='word_1_122' title='bbox 578 1235 707 1282; x_wconf 85' lang='lat' dir='ltr'><strong>Sodomam</strong></span> <span class='ocrx_word' id='word_1_123' title='bbox 730 1233 866 1293; x_wconf 79' lang='lat' dir='ltr'><strong>adspergat.</strong></span> <span class='ocrx_word' id='word_1_124' title='bbox 878 1234 903 1280; x_wconf 89' lang='lat' dir='ltr'><strong>Si</strong></span> <span class='ocrx_word' id='word_1_125' title='bbox 912 1235 1020 1294; x_wconf 85' lang='lat' dir='ltr'><strong>quivero</strong></span> <span class='ocrx_word' id='word_1_126' title='bbox 1032 1234 1196 1294; x_wconf 90' lang='lat' dir='ltr'><strong>credideriut,</strong></span> <span class='ocrx_word' id='word_1_127' title='bbox 1208 1247 1264 1282; x_wconf 77' lang='lat' dir='ltr'><strong>cur-</strong></span> 
     </span>
     <span class='ocr_line' id='line_1_14' title="bbox 171 1301 1262 1363; baseline 0.002 -15"><span class='ocrx_word' id='word_1_128' title='bbox 171 1302 198 1349; x_wconf 90' lang='lat' dir='ltr'><strong>et</strong></span> <span class='ocrx_word' id='word_1_129' title='bbox 212 1303 532 1361; x_wconf 84' lang='lat' dir='ltr'><strong>Gomorrham,caecitatem</strong></span> <span class='ocrx_word' id='word_1_130' title='bbox 549 1302 575 1350; x_wconf 91' lang='lat' dir='ltr'><strong>et</strong></span> <span class='ocrx_word' id='word_1_131' title='bbox 589 1302 706 1350; x_wconf 88' lang='lat' dir='ltr'><strong>sterilita-</strong></span> <span class='ocrx_word' id='word_1_132' title='bbox 729 1303 786 1348; x_wconf 89' lang='lat' dir='ltr'><strong>runt</strong></span> <span class='ocrx_word' id='word_1_133' title='bbox 801 1302 831 1350; x_wconf 85' lang='lat' dir='ltr'><strong>ud</strong></span> <span class='ocrx_word' id='word_1_134' title='bbox 848 1303 958 1360; x_wconf 87' lang='lat' dir='ltr'><strong>iontem,</strong></span> <span class='ocrx_word' id='word_1_135' title='bbox 971 1303 1105 1350; x_wconf 84' lang='lat' dir='ltr'><strong>doctrinam</strong></span> <span class='ocrx_word' id='word_1_136' title='bbox 1125 1301 1262 1363; x_wconf 80' lang='lat' dir='ltr'><strong>&#39;expetuut,</strong></span> 
     </span>
     <span class='ocr_line' id='line_1_15' title="bbox 171 1369 1262 1431; baseline 0.001 -14"><span class='ocrx_word' id='word_1_137' title='bbox 171 1369 224 1417; x_wconf 89' lang='lat' dir='ltr'><strong>tem</strong></span> <span class='ocrx_word' id='word_1_138' title='bbox 245 1371 419 1428; x_wconf 76' lang='lat' dir='ltr'><strong>significantes.</strong></span> <span class='ocrx_word' id='word_1_139' title='bbox 432 1372 567 1431; x_wconf 79' lang='lat' dir='ltr'><strong>Meritoque</strong></span> <span class='ocrx_word' id='word_1_140' title='bbox 586 1373 705 1419; x_wconf 86' lang='lat' dir='ltr'><strong>Dominus</strong></span> <span class='ocrx_word' id='word_1_141' title='bbox 729 1369 845 1417; x_wconf 89' lang='lat' dir='ltr'><strong>insinuari</strong></span> <span class='ocrx_word' id='word_1_142' title='bbox 852 1370 1064 1429; x_wconf 75' lang='lat' dir='ltr'><strong>siblEvunqelium</strong></span> <span class='ocrx_word' id='word_1_143' title='bbox 1074 1370 1262 1430; x_wconf 79' lang='lat' dir='ltr'><strong>concupiscunt,</strong></span> 
     </span>
    </p>
   </div>
   <div class='ocr_carea' id='block_1_2' title="bbox 171 1438 1347 1500">
    <p class='ocr_par' dir='ltr' id='par_1_2' title="bbox 171 1438 1347 1500">
     <span class='ocr_line' id='line_1_16' title="bbox 171 1438 1347 1500; baseline 0.003 -18"><span class='ocrx_word' id='word_1_144' title='bbox 171 1438 199 1483; x_wconf 84' lang='lat' dir='ltr'><strong>ln</strong></span> <span class='ocrx_word' id='word_1_145' title='bbox 208 1438 349 1495; x_wconf 76' lang='lat' dir='ltr'><strong>huiusmodi</strong></span> <span class='ocrx_word' id='word_1_146' title='bbox 361 1441 443 1500; x_wconf 88' lang='lat' dir='ltr'><strong>specie</strong></span> <span class='ocrx_word' id='word_1_147' title='bbox 452 1439 583 1488; x_wconf 55' lang='lat' dir='ltr'><strong>&gt;eiulatum</strong></span> <span class='ocrx_word' id='word_1_148' title='bbox 594 1442 704 1499; x_wconf 86' lang='lat' dir='ltr'><strong>amputa·</strong></span> <span class='ocrx_word' id='word_1_149' title='bbox 727 1449 772 1485; x_wconf 86' lang='lat' dir='ltr'><strong>uec</strong></span> <span class='ocrx_word' id='word_1_150' title='bbox 793 1440 913 1488; x_wconf 89' lang='lat' dir='ltr'><strong>satiantur</strong></span> <span class='ocrx_word' id='word_1_151' title='bbox 934 1439 1077 1486; x_wconf 84' lang='lat' dir='ltr'><strong>assiduitate</strong></span> <span class='ocrx_word' id='word_1_152' title='bbox 1098 1439 1209 1499; x_wconf 86' lang='lat' dir='ltr'><strong>potandi.</strong></span> <span class='ocrx_word' id='word_1_153' title='bbox 1224 1439 1262 1488; x_wconf 81' lang='lat' dir='ltr'><strong>lta</strong></span> <span class='ocrx_word' id='word_1_154' title='bbox 1334 1442 1347 1486; x_wconf 76' lang='grc'><strong>“,</strong></span> 
     </span>
    </p>
   </div>
   <div class='ocr_carea' id='block_1_3' title="bbox 169 1506 1262 1774">
    <p class='ocr_par' dir='ltr' id='par_1_3' title="bbox 169 1506 1262 1637">
     <span class='ocr_line' id='line_1_17' title="bbox 170 1506 1262 1568; baseline 0.005 -17"><span class='ocrx_word' id='word_1_155' title='bbox 170 1506 210 1552; x_wconf 84' lang='lat' dir='ltr'><strong>vit</strong></span> <span class='ocrx_word' id='word_1_156' title='bbox 218 1507 294 1566; x_wconf 82' lang='lat' dir='ltr'><strong>magis</strong></span> <span class='ocrx_word' id='word_1_157' title='bbox 304 1508 409 1555; x_wconf 87' lang='lat' dir='ltr'><strong>bumana</strong></span> <span class='ocrx_word' id='word_1_158' title='bbox 420 1508 496 1568; x_wconf 85' lang='lat' dir='ltr'><strong>vitia,</strong></span> <span class='ocrx_word' id='word_1_159' title='bbox 506 1520 580 1568; x_wconf 86' lang='lat' dir='ltr'><strong>quam</strong></span> <span class='ocrx_word' id='word_1_160' title='bbox 595 1509 704 1568; x_wconf 86' lang='lat' dir='ltr'><strong>puuieu-</strong></span> <span class='ocrx_word' id='word_1_161' title='bbox 727 1507 793 1556; x_wconf 88' lang='lat' dir='ltr'><strong>ionte</strong></span> <span class='ocrx_word' id='word_1_162' title='bbox 803 1509 931 1568; x_wconf 78' lang='lat' dir='ltr'><strong>sapientias</strong></span> <span class='ocrx_word' id='word_1_163' title='bbox 939 1509 1052 1556; x_wconf 87' lang='lat' dir='ltr'><strong>certatim</strong></span> <span class='ocrx_word' id='word_1_164' title='bbox 1063 1508 1154 1568; x_wconf 88' lang='lat' dir='ltr'><strong>repleri</strong></span> <span class='ocrx_word' id='word_1_165' title='bbox 1160 1509 1262 1556; x_wconf 84' lang='lat' dir='ltr'><strong>deside·</strong></span> 
     </span>
     <span class='ocr_line' id='line_1_18' title="bbox 169 1573 1260 1637; baseline 0.005 -17"><span class='ocrx_word' id='word_1_166' title='bbox 169 1573 215 1620; x_wconf 91' lang='lat' dir='ltr'><strong>dos</strong></span> <span class='ocrx_word' id='word_1_167' title='bbox 225 1575 337 1623; x_wconf 90' lang='lat' dir='ltr'><strong>homines</strong></span> <span class='ocrx_word' id='word_1_168' title='bbox 345 1577 476 1634; x_wconf 81' lang='lat' dir='ltr'><strong>judicavit.</strong></span> <span class='ocrx_word' id='word_1_169' title='bbox 727 1577 789 1633; x_wconf 86' lang='lat' dir='ltr'><strong>rant,</strong></span> <span class='ocrx_word' id='word_1_170' title='bbox 795 1590 868 1637; x_wconf 90' lang='lat' dir='ltr'><strong>quem</strong></span> <span class='ocrx_word' id='word_1_171' title='bbox 876 1576 1023 1636; x_wconf 76' lang='lat' dir='ltr'><strong>anteiugere</strong></span> <span class='ocrx_word' id='word_1_172' title='bbox 1030 1577 1260 1635; x_wconf 73' lang='lat' dir='ltr'><strong>gestiebantquem</strong></span> 
     </span>
    </p>

    <p class='ocr_par' dir='ltr' id='par_1_4' title="bbox 170 1642 1259 1774">
     <span class='ocr_line' id='line_1_19' title="bbox 201 1642 1259 1705; baseline 0.006 -18"><span class='ocrx_word' id='word_1_173' title='bbox 201 1642 240 1689; x_wconf 84' lang='lat'><strong>70.</strong></span> <span class='ocrx_word' id='word_1_174' title='bbox 259 1643 341 1690; x_wconf 89' lang='lat' dir='ltr'><strong>&#39;lertio</strong></span> <span class='ocrx_word' id='word_1_175' title='bbox 362 1644 497 1692; x_wconf 85' lang='lat' dir='ltr'><strong>dimittitur</strong></span> <span class='ocrx_word' id='word_1_176' title='bbox 517 1643 631 1699; x_wconf 84' lang='lat' dir='ltr'><strong>columba</strong></span> <span class='ocrx_word' id='word_1_177' title='bbox 648 1644 703 1704; x_wconf 92' lang='lat' dir='ltr'><strong>post</strong></span> <span class='ocrx_word' id='word_1_178' title='bbox 726 1644 837 1692; x_wconf 77' lang='lat' dir='ltr'><strong>iontem?</strong></span> <span class='ocrx_word' id='word_1_179' title='bbox 848 1645 911 1692; x_wconf 81' lang='lat' dir='ltr'><strong>Audi</strong></span> <span class='ocrx_word' id='word_1_180' title='bbox 932 1645 1113 1693; x_wconf 83' lang='lat' dir='ltr'><strong>dicentom=St</strong></span> <span class='ocrx_word' id='word_1_181' title='bbox 1129 1647 1180 1705; x_wconf 82' lang='lat' dir='ltr'><strong>quis</strong></span> <span class='ocrx_word' id='word_1_182' title='bbox 1198 1647 1259 1704; x_wconf 80' lang='lat' dir='ltr'><strong>sitit,</strong></span> 
     </span>
     <span class='ocr_line' id='line_1_20' title="bbox 170 1709 1258 1774; baseline 0.005 -18"><span class='ocrx_word' id='word_1_183' title='bbox 170 1710 266 1770; x_wconf 89' lang='lat' dir='ltr'><strong>septem</strong></span> <span class='ocrx_word' id='word_1_184' title='bbox 282 1709 349 1770; x_wconf 89' lang='lat' dir='ltr'><strong>dies,</strong></span> <span class='ocrx_word' id='word_1_185' title='bbox 361 1711 434 1770; x_wconf 89' lang='lat' dir='ltr'><strong>atque</strong></span> <span class='ocrx_word' id='word_1_186' title='bbox 453 1712 540 1760; x_wconf 90' lang='lat' dir='ltr'><strong>eadem</strong></span> <span class='ocrx_word' id='word_1_187' title='bbox 550 1722 604 1761; x_wconf 86' lang='lat' dir='ltr'><strong>¹nou</strong></span> <span class='ocrx_word' id='word_1_188' title='bbox 619 1726 703 1772; x_wconf 78' lang='lat' dir='ltr'><strong>regre—</strong></span> <span class='ocrx_word' id='word_1_189' title='bbox 727 1718 804 1762; x_wconf 80' lang='lat' dir='ltr'><strong>uectat</strong></span> <span class='ocrx_word' id='word_1_190' title='bbox 814 1717 844 1762; x_wconf 85' lang='lat' dir='ltr'><strong>od</strong></span> <span class='ocrx_word' id='word_1_191' title='bbox 853 1729 904 1771; x_wconf 87' lang='lat' dir='ltr'><strong>mc,</strong></span> <span class='ocrx_word' id='word_1_192' title='bbox 913 1717 935 1761; x_wconf 84' lang='lat' dir='ltr'><strong>et</strong></span> <span class='ocrx_word' id='word_1_193' title='bbox 947 1715 1018 1761; x_wconf 86' lang='lat' dir='ltr'><strong>bibat.</strong></span> <span class='ocrx_word' id='word_1_194' title='bbox 1029 1715 1075 1774; x_wconf 82' lang='lat' dir='ltr'><strong>Qui</strong></span> <span class='ocrx_word' id='word_1_195' title='bbox 1086 1715 1158 1761; x_wconf 82' lang='lat' dir='ltr'><strong>credit</strong></span> <span class='ocrx_word' id='word_1_196' title='bbox 1172 1715 1198 1761; x_wconf 83' lang='lat' dir='ltr'><strong>in</strong></span> <span class='ocrx_word' id='word_1_197' title='bbox 1208 1727 1258 1772; x_wconf 88' lang='lat' dir='ltr'><strong>me,</strong></span> 
     </span>
    </p>
   </div>
   <div class='ocr_carea' id='block_1_4' title="bbox 171 1779 1342 1847">
    <p class='ocr_par' dir='ltr' id='par_1_5' title="bbox 171 1779 1342 1847">
     <span class='ocr_line' id='line_1_21' title="bbox 171 1779 1342 1847; baseline 0.006 -22"><span class='ocrx_word' id='word_1_198' title='bbox 171 1779 247 1825; x_wconf 87' lang='lat' dir='ltr'><strong>ditur.</strong></span> <span class='ocrx_word' id='word_1_199' title='bbox 257 1779 327 1828; x_wconf 88' lang='lat' dir='ltr'><strong>Unde</strong></span> <span class='ocrx_word' id='word_1_200' title='bbox 345 1780 540 1840; x_wconf 86' lang='lat' dir='ltr'><strong>consideremus,</strong></span> <span class='ocrx_word' id='word_1_201' title='bbox 549 1794 581 1829; x_wconf 91' lang='lat' dir='ltr'><strong>ue</strong></span> <span class='ocrx_word' id='word_1_202' title='bbox 599 1782 625 1828; x_wconf 89' lang='lat' dir='ltr'><strong>id</strong></span> <span class='ocrx_word' id='word_1_203' title='bbox 639 1782 703 1841; x_wconf 90' lang='lat' dir='ltr'><strong>quod</strong></span> <span class='ocrx_word' id='word_1_204' title='bbox 726 1786 784 1830; x_wconf 77' lang='lat' dir='ltr'><strong>sicut</strong></span> <span class='ocrx_word' id='word_1_205' title='bbox 799 1785 854 1830; x_wconf 83' lang='lat' dir='ltr'><strong>dicit</strong></span> <span class='ocrx_word' id='word_1_206' title='bbox 869 1784 991 1842; x_wconf 77' lang='lat' dir='ltr'><strong>scriptura</strong></span> <span class='ocrx_word' id='word_1_207' title='bbox 999 1815 1008 1840; x_wconf 94' lang='lat'><strong>,</strong></span> <span class='ocrx_word' id='word_1_208' title='bbox 1018 1783 1119 1841; x_wconf 78' lang='lat' dir='ltr'><strong>flumine</strong></span> <span class='ocrx_word' id='word_1_209' title='bbox 1136 1783 1163 1829; x_wconf 86' lang='lat' dir='ltr'><strong>cte</strong></span> <span class='ocrx_word' id='word_1_210' title='bbox 1178 1785 1258 1831; x_wconf 78' lang='lat' dir='ltr'><strong>centro</strong></span> <span class='ocrx_word' id='word_1_211' title='bbox 1341 1841 1342 1847; x_wconf 16' lang='lat'>¹</span> 
     </span>
    </p>
   </div>
   <div class='ocr_carea' id='block_1_5' title="bbox 169 1849 1258 2184">
    <p class='ocr_par' dir='ltr' id='par_1_6' title="bbox 170 1849 1009 1911">
     <span class='ocr_line' id='line_1_22' title="bbox 170 1849 1009 1911; baseline 0.006 -17"><span class='ocrx_word' id='word_1_212' title='bbox 170 1849 365 1907; x_wconf 85' lang='lat' dir='ltr'><strong>supradiximus</strong></span> <span class='ocrx_word' id='word_1_213' title='bbox 380 1850 524 1898; x_wconf 86' lang='lat' dir='ltr'><strong>inveniatur</strong></span> <span class='ocrx_word' id='word_1_214' title='bbox 537 1862 591 1898; x_wconf 89' lang='lat' dir='ltr'><strong>esse</strong></span> <span class='ocrx_word' id='word_1_215' title='bbox 607 1853 703 1899; x_wconf 87' lang='lat' dir='ltr'><strong>contra·</strong></span> <span class='ocrx_word' id='word_1_216' title='bbox 726 1852 775 1910; x_wconf 78' lang='lat' dir='ltr'><strong>ejns</strong></span> <span class='ocrx_word' id='word_1_217' title='bbox 783 1853 857 1910; x_wconf 74' lang='lat' dir='ltr'><strong>fluent</strong></span> <span class='ocrx_word' id='word_1_218' title='bbox 866 1865 934 1911; x_wconf 84' lang='lat' dir='ltr'><strong>cquoe</strong></span> <span class='ocrx_word' id='word_1_219' title='bbox 943 1853 1009 1900; x_wconf 79' lang='lat' dir='ltr'><strong>vioe.</strong></span> 
     </span>
    </p>

    <p class='ocr_par' dir='ltr' id='par_1_7' title="bbox 170 1916 1014 1977">
     <span class='ocr_line' id='line_1_23' title="bbox 170 1916 1014 1977; baseline 0.006 -16"><span class='ocrx_word' id='word_1_220' title='bbox 170 1916 245 1962; x_wconf 88' lang='lat' dir='ltr'><strong>rium.</strong></span> <span class='ocrx_word' id='word_1_221' title='bbox 254 1916 278 1963; x_wconf 86' lang='lat' dir='ltr'><strong>Si</strong></span> <span class='ocrx_word' id='word_1_222' title='bbox 291 1917 366 1964; x_wconf 81' lang='lat' dir='ltr'><strong>uerbo</strong></span> <span class='ocrx_word' id='word_1_223' title='bbox 381 1917 483 1976; x_wconf 89' lang='lat' dir='ltr'><strong>quidem</strong></span> <span class='ocrx_word' id='word_1_224' title='bbox 494 1918 620 1977; x_wconf 89' lang='lat' dir='ltr'><strong>columba,</strong></span> <span class='ocrx_word' id='word_1_225' title='bbox 629 1930 703 1977; x_wconf 91' lang='lat' dir='ltr'><strong>opere</strong></span> <span class='ocrx_word' id='word_1_226' title='bbox 938 1945 1014 1954; x_wconf 89' lang='lat'><strong>--</strong></span> 
     </span>
    </p>

    <p class='ocr_par' dir='ltr' id='par_1_8' title="bbox 170 1985 1091 2045">
     <span class='ocr_line' id='line_1_24' title="bbox 170 1985 1091 2045; baseline 0.001 -14"><span class='ocrx_word' id='word_1_227' title='bbox 170 1985 254 2031; x_wconf 81' lang='lat' dir='ltr'><strong>autem</strong></span> <span class='ocrx_word' id='word_1_228' title='bbox 265 1985 344 2033; x_wconf 87' lang='lat' dir='ltr'><strong>virtus</strong></span> <span class='ocrx_word' id='word_1_229' title='bbox 355 1997 403 2045; x_wconf 87' lang='lat' dir='ltr'><strong>nou</strong></span> <span class='ocrx_word' id='word_1_230' title='bbox 414 1986 548 2033; x_wconf 87' lang='lat' dir='ltr'><strong>revertitur</strong></span> <span class='ocrx_word' id='word_1_231' title='bbox 559 1985 702 2045; x_wconf 71' lang='lat' dir='ltr'><strong>adjustuma</strong></span> <span class='ocrx_word' id='word_1_232' title='bbox 878 1992 1007 2044; x_wconf 71' lang='lat' dir='ltr'><strong>cApUT</strong></span> <span class='ocrx_word' id='word_1_233' title='bbox 1025 1995 1091 2044; x_wconf 71' lang='lat' dir='ltr'><strong>xx,</strong></span> 
     </span>
    </p>

    <p class='ocr_par' dir='ltr' id='par_1_9' title="bbox 169 2053 1258 2184">
     <span class='ocr_line' id='line_1_25' title="bbox 170 2053 1258 2130; baseline 0.002 -30"><span class='ocrx_word' id='word_1_234' title='bbox 170 2064 229 2113; x_wconf 74' lang='lat' dir='ltr'><strong>erqo</strong></span> <span class='ocrx_word' id='word_1_235' title='bbox 238 2053 369 2101; x_wconf 87' lang='lat' dir='ltr'><strong>destitutus</strong></span> <span class='ocrx_word' id='word_1_236' title='bbox 378 2053 508 2112; x_wconf 81' lang='lat' dir='ltr'><strong>estiustus,</strong></span> <span class='ocrx_word' id='word_1_237' title='bbox 515 2054 704 2100; x_wconf 86' lang='lat' dir='ltr'><strong>etdeiraudatus</strong></span> <span class='ocrx_word' id='word_1_238' title='bbox 727 2080 791 2130; x_wconf 79' lang='lat' dir='ltr'><strong>Quod</strong></span> <span class='ocrx_word' id='word_1_239' title='bbox 809 2082 850 2119; x_wconf 57' lang='lat'><strong>„50</strong></span> <span class='ocrx_word' id='word_1_240' title='bbox 868 2081 902 2120; x_wconf 58' lang='lat' dir='ltr'><strong>di,</strong></span> <span class='ocrx_word' id='word_1_241' title='bbox 918 2065 1258 2130; x_wconf 78' lang='lat' dir='ltr'><strong>imminuraaqua‚a1iosiccata</strong></span> 
     </span>
     <span class='ocr_line' id='line_1_26' title="bbox 169 2121 1258 2184; baseline 0.006 -17"><span class='ocrx_word' id='word_1_242' title='bbox 169 2131 273 2174; x_wconf 75' lang='lat' dir='ltr'><strong>munere</strong></span> <span class='ocrx_word' id='word_1_243' title='bbox 294 2121 361 2168; x_wconf 65' lang='lat' dir='ltr'><strong>suot</strong></span> <span class='ocrx_word' id='word_1_244' title='bbox 377 2122 545 2180; x_wconf 77' lang='lat' dir='ltr'><strong>Nequaquam.</strong></span> <span class='ocrx_word' id='word_1_245' title='bbox 565 2123 703 2181; x_wconf 78' lang='lat' dir='ltr'><strong>Numquam</strong></span> <span class='ocrx_word' id='word_1_246' title='bbox 749 2139 807 2172; x_wconf 86' lang='lat' dir='ltr'><strong>terra</strong></span> <span class='ocrx_word' id='word_1_247' title='bbox 815 2141 989 2182; x_wconf 84' lang='lat' dir='ltr'><strong>memoretur,eo</strong></span> <span class='ocrx_word' id='word_1_248' title='bbox 998 2137 1113 2184; x_wconf 69' lang='lat' dir='ltr'><strong>significari</strong></span> <span class='ocrx_word' id='word_1_249' title='bbox 1120 2138 1206 2184; x_wconf 73' lang='lat' dir='ltr'><strong>iustum</strong></span> <span class='ocrx_word' id='word_1_250' title='bbox 1214 2136 1258 2174; x_wconf 79' lang='lat' dir='ltr'><strong>rtoo</strong></span> 
     </span>
    </p>
   </div>
   <div class='ocr_carea' id='block_1_6' title="bbox 170 2189 1259 2282">
    <p class='ocr_par' dir='ltr' id='par_1_10' title="bbox 170 2189 1259 2282">
     <span class='ocr_line' id='line_1_27' title="bbox 170 2189 1257 2250; baseline -0.006 -18"><span class='ocrx_word' id='word_1_251' title='bbox 170 2189 238 2236; x_wconf 75' lang='lat' dir='ltr'><strong>enim</strong></span> <span class='ocrx_word' id='word_1_252' title='bbox 248 2189 437 2249; x_wconf 72' lang='lat' dir='ltr'><strong>virhujusmodi</strong></span> <span class='ocrx_word' id='word_1_253' title='bbox 448 2202 462 2236; x_wconf 75' lang='lat' dir='ltr'><strong>a</strong></span> <span class='ocrx_word' id='word_1_254' title='bbox 475 2190 567 2238; x_wconf 72' lang='lat' dir='ltr'><strong>virtute</strong></span> <span class='ocrx_word' id='word_1_255' title='bbox 584 2190 703 2250; x_wconf 72' lang='lat' dir='ltr'><strong>disjungi.</strong></span> <span class='ocrx_word' id='word_1_256' title='bbox 748 2189 771 2226; x_wconf 92' lang='lat' dir='ltr'><strong>in</strong></span> <span class='ocrx_word' id='word_1_257' title='bbox 787 2189 870 2227; x_wconf 83' lang='lat' dir='ltr'><strong>duabus</strong></span> <span class='ocrx_word' id='word_1_258' title='bbox 884 2191 1058 2238; x_wconf 74' lang='lat' dir='ltr'><strong>generationibus</strong></span> <span class='ocrx_word' id='word_1_259' title='bbox 1072 2193 1170 2238; x_wconf 85' lang='lat' dir='ltr'><strong>primurn</strong></span> <span class='ocrx_word' id='word_1_260' title='bbox 1188 2190 1257 2228; x_wconf 79' lang='lat' dir='ltr'><strong>tuisse.</strong></span> 
     </span>
     <span class='ocr_line' id='line_1_28' title="bbox 747 2243 1259 2282; baseline -0.002 -2"><span class='ocrx_word' id='word_1_261' title='bbox 747 2243 788 2281; x_wconf 85' lang='lat' dir='ltr'><strong>Per</strong></span> <span class='ocrx_word' id='word_1_262' title='bbox 801 2243 968 2282; x_wconf 88' lang='lat' dir='ltr'><strong>denudationem</strong></span> <span class='ocrx_word' id='word_1_263' title='bbox 977 2254 1033 2282; x_wconf 76' lang='lat' dir='ltr'><strong>arcae</strong></span> <span class='ocrx_word' id='word_1_264' title='bbox 1042 2244 1198 2282; x_wconf 86' lang='lat' dir='ltr'><strong>abdicationem</strong></span> <span class='ocrx_word' id='word_1_265' title='bbox 1207 2253 1259 2280; x_wconf 90' lang='lat' dir='ltr'><strong>cor-</strong></span> 
     </span>
    </p>
   </div>
   <div class='ocr_carea' id='block_1_7' title="bbox 170 2256 1257 2348">
    <p class='ocr_par' dir='ltr' id='par_1_11' title="bbox 170 2256 1257 2348">
     <span class='ocr_line' id='line_1_29' title="bbox 170 2256 1257 2348; baseline 0.002 -16"><span class='ocrx_word' id='word_1_266' title='bbox 170 2256 219 2316; x_wconf 52' lang='lat' dir='ltr'><strong>tur’</strong></span> <span class='ocrx_word' id='word_1_267' title='bbox 228 2270 274 2305; x_wconf 67' lang='lat' dir='ltr'><strong>nec</strong></span> <span class='ocrx_word' id='word_1_268' title='bbox 285 2270 342 2304; x_wconf 66' lang='lat' dir='ltr'><strong>cum</strong></span> <span class='ocrx_word' id='word_1_269' title='bbox 358 2266 396 2305; x_wconf 44' lang='lat' dir='ltr'><strong>ex.</strong></span> <span class='ocrx_word' id='word_1_270' title='bbox 406 2271 448 2305; x_wconf 55' lang='grc' dir='ltr'><strong>πθ</strong></span> <span class='ocrx_word' id='word_1_271' title='bbox 466 2259 558 2306; x_wconf 48' lang='lat' dir='ltr'><strong>emam</strong></span> <span class='ocrx_word' id='word_1_272' title='bbox 565 2259 702 2321; x_wconf 63' lang='lat' dir='ltr'><strong>Jusntmm&#39;</strong></span> <span class='ocrx_word' id='word_1_273' title='bbox 747 2306 818 2344; x_wconf 80' lang='lat' dir='ltr'><strong>porcae</strong></span> <span class='ocrx_word' id='word_1_274' title='bbox 828 2297 972 2335; x_wconf 85' lang='lat' dir='ltr'><strong>delectationis</strong></span> <span class='ocrx_word' id='word_1_275' title='bbox 980 2299 1078 2345; x_wconf 83' lang='lat' dir='ltr'><strong>exprimi.</strong></span> <span class='ocrx_word' id='word_1_276' title='bbox 1088 2298 1161 2348; x_wconf 87' lang='lat' dir='ltr'><strong>Quare</strong></span> <span class='ocrx_word' id='word_1_277' title='bbox 1173 2297 1257 2344; x_wconf 81' lang='lat' dir='ltr'><strong>primus</strong></span> 
     </span>
    </p>
   </div>
   <div class='ocr_carea' id='block_1_8' title="bbox 170 2322 1259 2397">
    <p class='ocr_par' dir='ltr' id='par_1_12' title="bbox 170 2322 1259 2397">
     <span class='ocr_line' id='line_1_30' title="bbox 170 2322 1259 2397; baseline 0.004 -28"><span class='ocrx_word' id='word_1_278' title='bbox 170 2322 406 2386; x_wconf 89' lang='lat' dir='ltr'><strong>disputationemque</strong></span> <span class='ocrx_word' id='word_1_279' title='bbox 414 2327 516 2373; x_wconf 87' lang='lat' dir='ltr'><strong>alteri-us</strong></span> <span class='ocrx_word' id='word_1_280' title='bbox 524 2326 624 2374; x_wconf 79' lang='lat' dir='ltr'><strong>virtutis</strong></span> <span class='ocrx_word' id='word_1_281' title='bbox 631 2327 703 2373; x_wconf 91' lang='lat' dir='ltr'><strong>iudu-</strong></span> <span class='ocrx_word' id='word_1_282' title='bbox 748 2351 783 2386; x_wconf 71' lang='lat'><strong>„1</strong></span> <span class='ocrx_word' id='word_1_283' title='bbox 798 2350 904 2388; x_wconf 78' lang='lat' dir='ltr'><strong>secundm</strong></span> <span class='ocrx_word' id='word_1_284' title='bbox 918 2352 1008 2396; x_wconf 79' lang='lat' dir='ltr'><strong>mensis,</strong></span> <span class='ocrx_word' id='word_1_285' title='bbox 1019 2352 1081 2387; x_wconf 73' lang='lat' dir='ltr'><strong>verni</strong></span> <span class='ocrx_word' id='word_1_286' title='bbox 1096 2349 1198 2397; x_wconf 53' lang='lat' dir='ltr'><strong>wop,</strong></span> <span class='ocrx_word' id='word_1_287' title='bbox 1216 2349 1259 2386; x_wconf 65' lang='lat' dir='ltr'><strong>di„</strong></span> 
     </span>
    </p>
   </div>
   <div class='ocr_carea' id='block_1_9' title="bbox 168 2394 1256 2524">
    <p class='ocr_par' dir='ltr' id='par_1_13' title="bbox 168 2394 1256 2524">
     <span class='ocr_line' id='line_1_31' title="bbox 169 2394 1256 2452; baseline 0 -12"><span class='ocrx_word' id='word_1_288' title='bbox 169 2394 217 2452; x_wconf 88' lang='lat' dir='ltr'><strong>cit,</strong></span> <span class='ocrx_word' id='word_1_289' title='bbox 227 2394 319 2442; x_wconf 75' lang='lat' dir='ltr'><strong>virtute</strong></span> <span class='ocrx_word' id='word_1_290' title='bbox 336 2408 362 2442; x_wconf 85' lang='lat' dir='ltr'><strong>se</strong></span> <span class='ocrx_word' id='word_1_291' title='bbox 378 2394 463 2452; x_wconf 77' lang='lat' dir='ltr'><strong>exuit,</strong></span> <span class='ocrx_word' id='word_1_292' title='bbox 475 2397 500 2443; x_wconf 77' lang='lat' dir='ltr'><strong>et</strong></span> <span class='ocrx_word' id='word_1_293' title='bbox 514 2396 631 2443; x_wconf 82' lang='lat' dir='ltr'><strong>imitanda</strong></span> <span class='ocrx_word' id='word_1_294' title='bbox 648 2396 703 2442; x_wconf 87' lang='lat' dir='ltr'><strong>aliis</strong></span> <span class='ocrx_word' id='word_1_295' title='bbox 748 2401 822 2440; x_wconf 75' lang='lat' dir='ltr'><strong>dictum</strong></span> <span class='ocrx_word' id='word_1_296' title='bbox 831 2403 937 2441; x_wconf 85' lang='lat' dir='ltr'><strong>Postremo</strong></span> <span class='ocrx_word' id='word_1_297' title='bbox 949 2403 1065 2441; x_wconf 80' lang='lat' dir='ltr'><strong>difficultas</strong></span> <span class='ocrx_word' id='word_1_298' title='bbox 1074 2403 1100 2440; x_wconf 88' lang='lat' dir='ltr'><strong>de</strong></span> <span class='ocrx_word' id='word_1_299' title='bbox 1110 2403 1161 2441; x_wconf 85' lang='lat' dir='ltr'><strong>iulio</strong></span> <span class='ocrx_word' id='word_1_300' title='bbox 1171 2404 1256 2450; x_wconf 88' lang='lat' dir='ltr'><strong>reporto</strong></span> 
     </span>
     <span class='ocr_line' id='line_1_32' title="bbox 168 2458 879 2524; baseline -0.007 -13"><span class='ocrx_word' id='word_1_301' title='bbox 168 2464 284 2523; x_wconf 82' lang='lat' dir='ltr'><strong>aequitato</strong></span> <span class='ocrx_word' id='word_1_302' title='bbox 303 2464 434 2524; x_wconf 91' lang='lat' dir='ltr'><strong>dispoliat:</strong></span> <span class='ocrx_word' id='word_1_303' title='bbox 444 2464 488 2510; x_wconf 91' lang='lat' dir='ltr'><strong>sed</strong></span> <span class='ocrx_word' id='word_1_304' title='bbox 502 2465 557 2511; x_wconf 84' lang='lat' dir='ltr'><strong>rice</strong></span> <span class='ocrx_word' id='word_1_305' title='bbox 574 2465 632 2511; x_wconf 91' lang='lat' dir='ltr'><strong>solis</strong></span> <span class='ocrx_word' id='word_1_306' title='bbox 643 2465 703 2511; x_wconf 89' lang='lat' dir='ltr'><strong>alios</strong></span> <span class='ocrx_word' id='word_1_307' title='bbox 747 2458 879 2498; x_wconf 70' lang='lat' dir='ltr'><strong>uissoivnur,</strong></span> 
     </span>
    </p>
   </div>
   <div class='ocr_carea' id='block_1_10' title="bbox 111 2529 1351 2661">
    <p class='ocr_par' dir='ltr' id='par_1_14' title="bbox 111 2529 1351 2661">
     <span class='ocr_line' id='line_1_33' title="bbox 111 2529 1343 2591; baseline 0.001 -15"><span class='ocrx_word' id='word_1_308' title='bbox 111 2556 112 2560; x_wconf 63' lang='lat'><em>=</em></span> <span class='ocrx_word' id='word_1_309' title='bbox 168 2531 302 2591; x_wconf 89' lang='lat' dir='ltr'><strong>illuminat,</strong></span> <span class='ocrx_word' id='word_1_310' title='bbox 311 2545 367 2578; x_wconf 91' lang='lat' dir='ltr'><strong>cum</strong></span> <span class='ocrx_word' id='word_1_311' title='bbox 378 2531 460 2578; x_wconf 89' lang='lat' dir='ltr'><strong>radios</strong></span> <span class='ocrx_word' id='word_1_312' title='bbox 470 2537 520 2579; x_wconf 77' lang='lat' dir='ltr'><strong>suaa</strong></span> <span class='ocrx_word' id='word_1_313' title='bbox 530 2533 593 2579; x_wconf 90' lang='lat' dir='ltr'><strong>lucis</strong></span> <span class='ocrx_word' id='word_1_314' title='bbox 601 2533 701 2580; x_wconf 90' lang='lat' dir='ltr'><strong>emittit.</strong></span> <span class='ocrx_word' id='word_1_315' title='bbox 755 2529 836 2578; x_wconf 73' lang='lat' dir='ltr'><strong>liin</strong></span> <span class='ocrx_word' id='word_1_316' title='bbox 852 2530 932 2590; x_wconf 90' lang='lat' dir='ltr'><strong>primo</strong></span> <span class='ocrx_word' id='word_1_317' title='bbox 953 2532 979 2579; x_wconf 89' lang='lat' dir='ltr'><strong>et</strong></span> <span class='ocrx_word' id='word_1_318' title='bbox 997 2532 1176 2581; x_wconf 87' lang='lat' dir='ltr'><strong>sexcentesimo</strong></span> <span class='ocrx_word' id='word_1_319' title='bbox 1193 2540 1258 2578; x_wconf 85' lang='lat' dir='ltr'><strong>anno</strong></span> <span class='ocrx_word' id='word_1_320' title='bbox 1340 2561 1343 2567; x_wconf 80' lang='lat'><em>‚</em></span> 
     </span>
     <span class='ocr_line' id='line_1_34' title="bbox 167 2598 1351 2661; baseline 0.003 -17"><span class='ocrx_word' id='word_1_321' title='bbox 167 2600 234 2659; x_wconf 75' lang='lat' dir='ltr'><strong>Ignis</strong></span> <span class='ocrx_word' id='word_1_322' title='bbox 245 2612 336 2658; x_wconf 90' lang='lat' dir='ltr'><strong>nempe</strong></span> <span class='ocrx_word' id='word_1_323' title='bbox 347 2598 701 2659; x_wconf 80' lang='lat' dir='ltr'><strong>calefacitadpropinquantes,</strong></span> <span class='ocrx_word' id='word_1_324' title='bbox 724 2598 781 2646; x_wconf 82' lang='lat' dir='ltr'><strong>vitae</strong></span> <span class='ocrx_word' id='word_1_325' title='bbox 788 2601 1257 2661; x_wconf 85' lang='lat' dir='ltr'><strong>Noe,primodicmensis,imminutam</strong></span> <span class='ocrx_word' id='word_1_326' title='bbox 1348 2638 1351 2642; x_wconf 90' lang='lat'><strong>.</strong></span> 
     </span>
    </p>
   </div>
   <div class='ocr_carea' id='block_1_11' title="bbox 116 2668 1269 4029">
    <p class='ocr_par' dir='ltr' id='par_1_15' title="bbox 116 2668 1269 4029">
     <span class='ocr_line' id='line_1_35' title="bbox 166 2668 1257 2729; baseline 0 -15"><span class='ocrx_word' id='word_1_327' title='bbox 166 2668 203 2715; x_wconf 87' lang='lat' dir='ltr'><strong>ita</strong></span> <span class='ocrx_word' id='word_1_328' title='bbox 219 2670 248 2714; x_wconf 90' lang='lat' dir='ltr'><strong>ut</strong></span> <span class='ocrx_word' id='word_1_329' title='bbox 262 2670 368 2714; x_wconf 89' lang='lat' dir='ltr'><strong>calorem</strong></span> <span class='ocrx_word' id='word_1_330' title='bbox 383 2669 477 2714; x_wconf 80' lang='lat' dir='ltr'><strong>naturae</strong></span> <span class='ocrx_word' id='word_1_331' title='bbox 492 2681 542 2715; x_wconf 82' lang='lat' dir='ltr'><strong>suae</strong></span> <span class='ocrx_word' id='word_1_332' title='bbox 557 2669 611 2728; x_wconf 88' lang='lat' dir='ltr'><strong>ipse</strong></span> <span class='ocrx_word' id='word_1_333' title='bbox 624 2670 702 2728; x_wconf 86' lang='lat' dir='ltr'><strong>possi·</strong></span> <span class='ocrx_word' id='word_1_334' title='bbox 724 2680 811 2726; x_wconf 87' lang='lat' dir='ltr'><strong>aquam</strong></span> <span class='ocrx_word' id='word_1_335' title='bbox 826 2669 887 2717; x_wconf 91' lang='lat' dir='ltr'><strong>dicit</strong></span> <span class='ocrx_word' id='word_1_336' title='bbox 901 2683 916 2716; x_wconf 89' lang='lat' dir='ltr'><strong>a</strong></span> <span class='ocrx_word' id='word_1_337' title='bbox 932 2670 996 2718; x_wconf 84' lang='lat' dir='ltr'><strong>tacte</strong></span> <span class='ocrx_word' id='word_1_338' title='bbox 1007 2673 1094 2729; x_wconf 83' lang='lat' dir='ltr'><strong>terrae3</strong></span> <span class='ocrx_word' id='word_1_339' title='bbox 1109 2670 1135 2716; x_wconf 90' lang='lat' dir='ltr'><strong>in</strong></span> <span class='ocrx_word' id='word_1_340' title='bbox 1150 2668 1257 2716; x_wconf 88' lang='lat' dir='ltr'><strong>secundo</strong></span> 
     </span>
     <span class='ocr_line' id='line_1_36' title="bbox 165 2735 1257 2798; baseline -0.003 -14"><span class='ocrx_word' id='word_1_341' title='bbox 165 2737 236 2784; x_wconf 86' lang='lat' dir='ltr'><strong>deat.</strong></span> <span class='ocrx_word' id='word_1_342' title='bbox 247 2736 370 2795; x_wconf 86' lang='lat' dir='ltr'><strong>Numquid</strong></span> <span class='ocrx_word' id='word_1_343' title='bbox 379 2735 461 2782; x_wconf 86' lang='lat' dir='ltr'><strong>delicit</strong></span> <span class='ocrx_word' id='word_1_344' title='bbox 472 2737 517 2782; x_wconf 87' lang='lat' dir='ltr'><strong>iux</strong></span> <span class='ocrx_word' id='word_1_345' title='bbox 525 2736 589 2795; x_wconf 88' lang='lat' dir='ltr'><strong>diei,</strong></span> <span class='ocrx_word' id='word_1_346' title='bbox 599 2750 655 2783; x_wconf 93' lang='lat' dir='ltr'><strong>cum</strong></span> <span class='ocrx_word' id='word_1_347' title='bbox 666 2738 702 2784; x_wconf 91' lang='lat' dir='ltr'><strong>to-</strong></span> <span class='ocrx_word' id='word_1_348' title='bbox 724 2737 806 2784; x_wconf 86' lang='lat' dir='ltr'><strong>autem</strong></span> <span class='ocrx_word' id='word_1_349' title='bbox 820 2751 918 2796; x_wconf 90' lang='lat' dir='ltr'><strong>mense,</strong></span> <span class='ocrx_word' id='word_1_350' title='bbox 930 2740 1034 2798; x_wconf 89' lang='lat' dir='ltr'><strong>septima</strong></span> <span class='ocrx_word' id='word_1_351' title='bbox 1050 2740 1075 2785; x_wconf 90' lang='lat' dir='ltr'><strong>et</strong></span> <span class='ocrx_word' id='word_1_352' title='bbox 1087 2738 1204 2785; x_wconf 86' lang='lat' dir='ltr'><strong>vicesima</strong></span> <span class='ocrx_word' id='word_1_353' title='bbox 1215 2735 1257 2782; x_wconf 86' lang='lat' dir='ltr'><strong>die</strong></span> 
     </span>
     <span class='ocr_line' id='line_1_37' title="bbox 165 2800 1269 2862; baseline -0.004 -10"><span class='ocrx_word' id='word_1_354' title='bbox 165 2805 221 2852; x_wconf 90' lang='lat' dir='ltr'><strong>tum</strong></span> <span class='ocrx_word' id='word_1_355' title='bbox 231 2804 352 2850; x_wconf 89' lang='lat' dir='ltr'><strong>mundum</strong></span> <span class='ocrx_word' id='word_1_356' title='bbox 360 2804 484 2851; x_wconf 89' lang='lat' dir='ltr'><strong>illuminat</strong></span> <span class='ocrx_word' id='word_1_357' title='bbox 492 2804 702 2854; x_wconf 76' lang='lat' dir='ltr'><strong>claritateiliabet</strong></span> <span class='ocrx_word' id='word_1_358' title='bbox 724 2800 1269 2862; x_wconf 68' lang='lat' dir='ltr'><strong>mensis,siccatamterramessecommeme&#39;</strong></span> 
     </span>
     <span class='ocr_line' id='line_1_38' title="bbox 168 2871 1258 2933; baseline -0.001 -15"><span class='ocrx_word' id='word_1_359' title='bbox 168 2873 315 2919; x_wconf 87' lang='lat' dir='ltr'><strong>inoiiensurn</strong></span> <span class='ocrx_word' id='word_1_360' title='bbox 327 2885 425 2919; x_wconf 88' lang='lat' dir='ltr'><strong>cursum</strong></span> <span class='ocrx_word' id='word_1_361' title='bbox 436 2884 520 2931; x_wconf 87' lang='lat' dir='ltr'><strong>suum,</strong></span> <span class='ocrx_word' id='word_1_362' title='bbox 530 2872 701 2933; x_wconf 87' lang='lat' dir='ltr'><strong>illibatamque</strong></span> <span class='ocrx_word' id='word_1_363' title='bbox 724 2873 1017 2931; x_wconf 81' lang='lat' dir='ltr'><strong>rat.Qnidsibivu1tiiia</strong></span> <span class='ocrx_word' id='word_1_364' title='bbox 1031 2872 1136 2930; x_wconf 88' lang='lat' dir='ltr'><strong>adjectio</strong></span> <span class='ocrx_word' id='word_1_365' title='bbox 1146 2871 1176 2918; x_wconf 82' lang='lat' dir='ltr'><strong>cle</strong></span> <span class='ocrx_word' id='word_1_366' title='bbox 1188 2883 1258 2930; x_wconf 78' lang='lat' dir='ltr'><strong>aquas</strong></span> 
     </span>
     <span class='ocr_line' id='line_1_39' title="bbox 168 2940 1259 3002; baseline 0 -14"><span class='ocrx_word' id='word_1_367' title='bbox 168 2943 291 2988; x_wconf 86' lang='lat' dir='ltr'><strong>naturam.</strong></span> <span class='ocrx_word' id='word_1_368' title='bbox 301 2941 340 2988; x_wconf 90' lang='lat' dir='ltr'><strong>Sic</strong></span> <span class='ocrx_word' id='word_1_369' title='bbox 352 2941 377 2988; x_wconf 90' lang='lat' dir='ltr'><strong>et</strong></span> <span class='ocrx_word' id='word_1_370' title='bbox 390 2941 436 2989; x_wconf 88' lang='lat' dir='ltr'><strong>ista</strong></span> <span class='ocrx_word' id='word_1_371' title='bbox 448 2943 473 2989; x_wconf 89' lang='lat' dir='ltr'><strong>iu</strong></span> <span class='ocrx_word' id='word_1_372' title='bbox 487 2942 607 2989; x_wconf 81' lang='lat' dir='ltr'><strong>columbae</strong></span> <span class='ocrx_word' id='word_1_373' title='bbox 619 2944 701 3002; x_wconf 91' lang='lat' dir='ltr'><strong>specie</strong></span> <span class='ocrx_word' id='word_1_374' title='bbox 725 2942 906 3002; x_wconf 88' lang='lat' dir='ltr'><strong>imminutione,</strong></span> <span class='ocrx_word' id='word_1_375' title='bbox 912 2955 968 2989; x_wconf 90' lang='lat' dir='ltr'><strong>cum</strong></span> <span class='ocrx_word' id='word_1_376' title='bbox 976 2941 1107 3001; x_wconf 89' lang='lat' dir='ltr'><strong>supputata</strong></span> <span class='ocrx_word' id='word_1_377' title='bbox 1114 2940 1176 2987; x_wconf 91' lang='lat' dir='ltr'><strong>ratio</strong></span> <span class='ocrx_word' id='word_1_378' title='bbox 1185 2951 1259 2999; x_wconf 87' lang='lat' dir='ltr'><strong>supe-</strong></span> 
     </span>
     <span class='ocr_line' id='line_1_40' title="bbox 168 3008 1256 3073; baseline 0 -17"><span class='ocrx_word' id='word_1_379' title='bbox 168 3010 261 3068; x_wconf 79' lang='lat' dir='ltr'><strong>virtus,</strong></span> <span class='ocrx_word' id='word_1_380' title='bbox 274 3023 331 3057; x_wconf 90' lang='lat' dir='ltr'><strong>cum</strong></span> <span class='ocrx_word' id='word_1_381' title='bbox 347 3010 429 3057; x_wconf 86' lang='lat' dir='ltr'><strong>adbuc</strong></span> <span class='ocrx_word' id='word_1_382' title='bbox 444 3010 553 3058; x_wconf 77' lang='lat' dir='ltr'><strong>terreret</strong></span> <span class='ocrx_word' id='word_1_383' title='bbox 564 3011 700 3073; x_wconf 79' lang='lat' dir='ltr'><strong>diluuium,</strong></span> <span class='ocrx_word' id='word_1_384' title='bbox 723 3011 774 3056; x_wconf 89' lang='lat' dir='ltr'><strong>rior</strong></span> <span class='ocrx_word' id='word_1_385' title='bbox 795 3023 885 3058; x_wconf 90' lang='lat' dir='ltr'><strong>annum</strong></span> <span class='ocrx_word' id='word_1_386' title='bbox 909 3011 1056 3058; x_wconf 90' lang='lat' dir='ltr'><strong>conclusisse</strong></span> <span class='ocrx_word' id='word_1_387' title='bbox 1077 3009 1200 3067; x_wconf 85' lang='lat' dir='ltr'><strong>videatur,</strong></span> <span class='ocrx_word' id='word_1_388' title='bbox 1211 3008 1256 3068; x_wconf 89' lang='lat' dir='ltr'><strong>qui</strong></span> 
     </span>
     <span class='ocr_line' id='line_1_41' title="bbox 168 3077 1256 3140; baseline -0.003 -13"><span class='ocrx_word' id='word_1_389' title='bbox 168 3078 304 3127; x_wconf 85' lang='lat' dir='ltr'><strong>secundum</strong></span> <span class='ocrx_word' id='word_1_390' title='bbox 322 3091 394 3126; x_wconf 82' lang='lat' dir='ltr'><strong>avem</strong></span> <span class='ocrx_word' id='word_1_391' title='bbox 413 3081 540 3128; x_wconf 88' lang='lat' dir='ltr'><strong>tamenin</strong></span> <span class='ocrx_word' id='word_1_392' title='bbox 558 3082 645 3140; x_wconf 92' lang='lat' dir='ltr'><strong>terris,</strong></span> <span class='ocrx_word' id='word_1_393' title='bbox 662 3095 702 3129; x_wconf 91' lang='lat' dir='ltr'><strong>se·</strong></span> <span class='ocrx_word' id='word_1_394' title='bbox 723 3091 802 3127; x_wconf 87' lang='lat' dir='ltr'><strong>annus</strong></span> <span class='ocrx_word' id='word_1_395' title='bbox 817 3092 832 3125; x_wconf 85' lang='lat' dir='ltr'><strong>a</strong></span> <span class='ocrx_word' id='word_1_396' title='bbox 849 3079 956 3126; x_wconf 90' lang='lat' dir='ltr'><strong>secundo</strong></span> <span class='ocrx_word' id='word_1_397' title='bbox 968 3090 1053 3125; x_wconf 89' lang='lat' dir='ltr'><strong>mense</strong></span> <span class='ocrx_word' id='word_1_398' title='bbox 1072 3077 1174 3137; x_wconf 87' lang='lat' dir='ltr'><strong>incipit,</strong></span> <span class='ocrx_word' id='word_1_399' title='bbox 1185 3078 1210 3123; x_wconf 90' lang='lat' dir='ltr'><strong>et</strong></span> <span class='ocrx_word' id='word_1_400' title='bbox 1229 3078 1256 3124; x_wconf 86' lang='lat' dir='ltr'><strong>in</strong></span> 
     </span>
     <span class='ocr_line' id='line_1_42' title="bbox 168 3147 1258 3208; baseline -0.002 -13"><span class='ocrx_word' id='word_1_401' title='bbox 168 3147 277 3196; x_wconf 71' lang='lat' dir='ltr'><strong>mudum</strong></span> <span class='ocrx_word' id='word_1_402' title='bbox 291 3147 410 3194; x_wconf 82' lang='lat' dir='ltr'><strong>virtutem</strong></span> <span class='ocrx_word' id='word_1_403' title='bbox 422 3147 448 3194; x_wconf 91' lang='lat' dir='ltr'><strong>in</strong></span> <span class='ocrx_word' id='word_1_404' title='bbox 464 3149 591 3195; x_wconf 90' lang='lat' dir='ltr'><strong>homiuum</strong></span> <span class='ocrx_word' id='word_1_405' title='bbox 608 3151 701 3208; x_wconf 86' lang='lat' dir='ltr'><strong>passio·</strong></span> <span class='ocrx_word' id='word_1_406' title='bbox 722 3148 858 3194; x_wconf 84' lang='lat' dir='ltr'><strong>secundum</strong></span> <span class='ocrx_word' id='word_1_407' title='bbox 869 3160 980 3194; x_wconf 88' lang='lat' dir='ltr'><strong>mensem</strong></span> <span class='ocrx_word' id='word_1_408' title='bbox 992 3147 1049 3194; x_wconf 88' lang='lat' dir='ltr'><strong>anni</strong></span> <span class='ocrx_word' id='word_1_409' title='bbox 1067 3147 1168 3194; x_wconf 87' lang='lat' dir='ltr'><strong>alterius</strong></span> <span class='ocrx_word' id='word_1_410' title='bbox 1178 3159 1258 3206; x_wconf 89' lang='lat' dir='ltr'><strong>usque</strong></span> 
     </span>
     <span class='ocr_line' id='line_1_43' title="bbox 116 3214 1256 3278; baseline -0.003 -14"><span class='ocrx_word' id='word_1_411' title='bbox 116 3215 124 3223; x_wconf 81' lang='grc'><strong>”</strong></span> <span class='ocrx_word' id='word_1_412' title='bbox 167 3216 243 3264; x_wconf 85' lang='lat' dir='ltr'><strong>uibus</strong></span> <span class='ocrx_word' id='word_1_413' title='bbox 262 3216 396 3264; x_wconf 82' lang='lat' dir='ltr'><strong>revertitur</strong></span> <span class='ocrx_word' id='word_1_414' title='bbox 416 3216 447 3264; x_wconf 92' lang='lat' dir='ltr'><strong>ad</strong></span> <span class='ocrx_word' id='word_1_415' title='bbox 464 3216 574 3278; x_wconf 82' lang='lat' dir='ltr'><strong>justum3</strong></span> <span class='ocrx_word' id='word_1_416' title='bbox 594 3218 653 3276; x_wconf 90' lang='lat' dir='ltr'><strong>quia</strong></span> <span class='ocrx_word' id='word_1_417' title='bbox 674 3220 700 3267; x_wconf 91' lang='lat' dir='ltr'><strong>in</strong></span> <span class='ocrx_word' id='word_1_418' title='bbox 722 3216 949 3274; x_wconf 77' lang='lat' dir='ltr'><strong>progrediturtltlsi</strong></span> <span class='ocrx_word' id='word_1_419' title='bbox 961 3214 1256 3272; x_wconf 81' lang='lat' dir='ltr'><strong>tortebicjnstiiormam</strong></span> 
     </span>
     <span class='ocr_line' id='line_1_44' title="bbox 167 3283 1257 3346; baseline -0.003 -14"><span class='ocrx_word' id='word_1_420' title='bbox 167 3283 309 3344; x_wconf 84' lang='lat' dir='ltr'><strong>iniquorum</strong></span> <span class='ocrx_word' id='word_1_421' title='bbox 322 3285 462 3344; x_wconf 90' lang='lat' dir='ltr'><strong>pectoribus</strong></span> <span class='ocrx_word' id='word_1_422' title='bbox 479 3287 558 3333; x_wconf 82' lang='lat' dir='ltr'><strong>virtus</strong></span> <span class='ocrx_word' id='word_1_423' title='bbox 574 3288 603 3333; x_wconf 87' lang='lat' dir='ltr'><strong>ut</strong></span> <span class='ocrx_word' id='word_1_424' title='bbox 619 3292 700 3346; x_wconf 84' lang='lat' dir='ltr'><strong>posset</strong></span> <span class='ocrx_word' id='word_1_425' title='bbox 722 3283 1257 3342; x_wconf 79' lang='lat' dir='ltr'><strong>declaratamreiimusaccipere3utprimus</strong></span> 
     </span>
     <span class='ocr_line' id='line_1_45' title="bbox 168 3352 1255 3413; baseline -0.006 -11"><span class='ocrx_word' id='word_1_426' title='bbox 168 3355 277 3412; x_wconf 75' lang='lat' dir='ltr'><strong>baerere,</strong></span> <span class='ocrx_word' id='word_1_427' title='bbox 287 3366 336 3407; x_wconf 87' lang='lat' dir='ltr'><strong>non</strong></span> <span class='ocrx_word' id='word_1_428' title='bbox 346 3355 462 3413; x_wconf 89' lang='lat' dir='ltr'><strong>potuerat</strong></span> <span class='ocrx_word' id='word_1_429' title='bbox 472 3354 595 3401; x_wconf 79' lang='lat' dir='ltr'><strong>invenire.</strong></span> <span class='ocrx_word' id='word_1_430' title='bbox 607 3357 636 3403; x_wconf 84' lang='lat' dir='ltr'><strong>Et</strong></span> <span class='ocrx_word' id='word_1_431' title='bbox 644 3356 699 3403; x_wconf 92' lang='lat' dir='ltr'><strong>ideo</strong></span> <span class='ocrx_word' id='word_1_432' title='bbox 722 3366 799 3400; x_wconf 90' lang='lat' dir='ltr'><strong>annus</strong></span> <span class='ocrx_word' id='word_1_433' title='bbox 814 3354 835 3399; x_wconf 92' lang='lat' dir='ltr'><strong>is</strong></span> <span class='ocrx_word' id='word_1_434' title='bbox 852 3352 944 3411; x_wconf 88' lang='lat' dir='ltr'><strong>inerit,</strong></span> <span class='ocrx_word' id='word_1_435' title='bbox 957 3364 1005 3412; x_wconf 92' lang='lat' dir='ltr'><strong>quo</strong></span> <span class='ocrx_word' id='word_1_436' title='bbox 1022 3352 1097 3410; x_wconf 88' lang='lat' dir='ltr'><strong>coepit</strong></span> <span class='ocrx_word' id='word_1_437' title='bbox 1115 3352 1255 3410; x_wconf 77' lang='lat' dir='ltr'><strong>diluvium,</strong></span> 
     </span>
     <span class='ocr_line' id='line_1_46' title="bbox 168 3418 1257 3481; baseline -0.005 -13"><span class='ocrx_word' id='word_1_438' title='bbox 168 3423 196 3470; x_wconf 89' lang='lat' dir='ltr'><strong>in</strong></span> <span class='ocrx_word' id='word_1_439' title='bbox 202 3422 246 3469; x_wconf 91' lang='lat' dir='ltr'><strong>ilio</strong></span> <span class='ocrx_word' id='word_1_440' title='bbox 255 3424 361 3471; x_wconf 83' lang='lat' dir='ltr'><strong>secundo</strong></span> <span class='ocrx_word' id='word_1_441' title='bbox 370 3423 505 3470; x_wconf 86' lang='lat' dir='ltr'><strong>diversorio</strong></span> <span class='ocrx_word' id='word_1_442' title='bbox 513 3423 551 3469; x_wconf 89' lang='lat' dir='ltr'><strong>sui</strong></span> <span class='ocrx_word' id='word_1_443' title='bbox 559 3424 700 3481; x_wconf 78' lang='lat' dir='ltr'><strong>regrediens</strong></span> <span class='ocrx_word' id='word_1_444' title='bbox 722 3422 776 3479; x_wconf 87' lang='lat' dir='ltr'><strong>post</strong></span> <span class='ocrx_word' id='word_1_445' title='bbox 790 3421 997 3468; x_wconf 83' lang='lat' dir='ltr'><strong>sexcentesimum</strong></span> <span class='ocrx_word' id='word_1_446' title='bbox 1008 3418 1104 3466; x_wconf 89' lang='lat' dir='ltr'><strong>scilicet</strong></span> <span class='ocrx_word' id='word_1_447' title='bbox 1118 3419 1257 3477; x_wconf 86' lang='lat' dir='ltr'><strong>annuspri-</strong></span> 
     </span>
     <span class='ocr_line' id='line_1_47' title="bbox 167 3486 1256 3557; baseline -0.002 -19"><span class='ocrx_word' id='word_1_448' title='bbox 167 3489 246 3538; x_wconf 81' lang='lat' dir='ltr'><strong>barret</strong></span> <span class='ocrx_word' id='word_1_449' title='bbox 266 3492 339 3557; x_wconf 78' lang='lat' dir='ltr'><strong>atquc</strong></span> <span class='ocrx_word' id='word_1_450' title='bbox 364 3490 507 3550; x_wconf 89' lang='lat' dir='ltr'><strong>requiescit.</strong></span> <span class='ocrx_word' id='word_1_451' title='bbox 527 3491 558 3537; x_wconf 82' lang='lat' dir='ltr'><strong>at</strong></span> <span class='ocrx_word' id='word_1_452' title='bbox 578 3503 638 3538; x_wconf 78' lang='lat' dir='ltr'><strong>vero</strong></span> <span class='ocrx_word' id='word_1_453' title='bbox 657 3492 700 3538; x_wconf 88' lang='lat' dir='ltr'><strong>ubi</strong></span> <span class='ocrx_word' id='word_1_454' title='bbox 723 3502 788 3547; x_wconf 83' lang='lat' dir='ltr'><strong>mus3</strong></span> <span class='ocrx_word' id='word_1_455' title='bbox 806 3489 900 3548; x_wconf 90' lang='lat' dir='ltr'><strong>primus</strong></span> <span class='ocrx_word' id='word_1_456' title='bbox 917 3489 1008 3534; x_wconf 88' lang='lat' dir='ltr'><strong>iterum</strong></span> <span class='ocrx_word' id='word_1_457' title='bbox 1028 3497 1104 3533; x_wconf 82' lang='lat' dir='ltr'><strong>annus</strong></span> <span class='ocrx_word' id='word_1_458' title='bbox 1122 3487 1148 3533; x_wconf 89' lang='lat' dir='ltr'><strong>et</strong></span> <span class='ocrx_word' id='word_1_459' title='bbox 1162 3486 1256 3545; x_wconf 89' lang='lat' dir='ltr'><strong>primus</strong></span> 
     </span>
     <span class='ocr_line' id='line_1_48' title="bbox 167 3554 1255 3618; baseline -0.003 -14"><span class='ocrx_word' id='word_1_460' title='bbox 167 3557 701 3617; x_wconf 82' lang='lat' dir='ltr'><strong>deterbuerintdiluviapassionum‚etau·</strong></span> <span class='ocrx_word' id='word_1_461' title='bbox 722 3557 813 3604; x_wconf 90' lang='lat' dir='ltr'><strong>mensis</strong></span> <span class='ocrx_word' id='word_1_462' title='bbox 833 3557 888 3616; x_wconf 89' lang='lat' dir='ltr'><strong>post</strong></span> <span class='ocrx_word' id='word_1_463' title='bbox 914 3554 1123 3603; x_wconf 87' lang='lat' dir='ltr'><strong>sexcentesimum</strong></span> <span class='ocrx_word' id='word_1_464' title='bbox 1147 3567 1255 3618; x_wconf 81' lang='lat' dir='ltr'><strong>annum,</strong></span> 
     </span>
     <span class='ocr_line' id='line_1_49' title="bbox 167 3623 1255 3686; baseline 0.003 -15"><span class='ocrx_word' id='word_1_465' title='bbox 167 3625 215 3672; x_wconf 87' lang='lat' dir='ltr'><strong>diti</strong></span> <span class='ocrx_word' id='word_1_466' title='bbox 228 3627 299 3674; x_wconf 84' lang='lat' dir='ltr'><strong>verbi</strong></span> <span class='ocrx_word' id='word_1_467' title='bbox 319 3627 498 3686; x_wconf 75' lang='lat' dir='ltr'><strong>compertaeque</strong></span> <span class='ocrx_word' id='word_1_468' title='bbox 515 3626 631 3673; x_wconf 89' lang='lat' dir='ltr'><strong>doctrinae</strong></span> <span class='ocrx_word' id='word_1_469' title='bbox 646 3627 702 3686; x_wconf 90' lang='lat' dir='ltr'><strong>plu·</strong></span> <span class='ocrx_word' id='word_1_470' title='bbox 722 3626 819 3685; x_wconf 90' lang='lat' dir='ltr'><strong>quando</strong></span> <span class='ocrx_word' id='word_1_471' title='bbox 842 3624 975 3673; x_wconf 87' lang='lat' dir='ltr'><strong>imminuta</strong></span> <span class='ocrx_word' id='word_1_472' title='bbox 1002 3623 1040 3672; x_wconf 88' lang='lat' dir='ltr'><strong>est</strong></span> <span class='ocrx_word' id='word_1_473' title='bbox 1063 3636 1125 3684; x_wconf 88' lang='lat' dir='ltr'><strong>aqua</strong></span> <span class='ocrx_word' id='word_1_474' title='bbox 1151 3637 1166 3672; x_wconf 90' lang='lat' dir='ltr'><strong>a</strong></span> <span class='ocrx_word' id='word_1_475' title='bbox 1191 3625 1255 3675; x_wconf 82' lang='lat' dir='ltr'><strong>lacte</strong></span> 
     </span>
     <span class='ocr_line' id='line_1_50' title="bbox 167 3693 1255 3761; baseline 0.001 -19"><span class='ocrx_word' id='word_1_476' title='bbox 167 3694 226 3742; x_wconf 79' lang='lat' dir='ltr'><strong>mmi</strong></span> <span class='ocrx_word' id='word_1_477' title='bbox 236 3694 437 3743; x_wconf 86' lang='lat' dir='ltr'><strong>studuerintesse</strong></span> <span class='ocrx_word' id='word_1_478' title='bbox 448 3693 641 3761; x_wconf 78' lang='lat' dir='ltr'><strong>consortes,iam</strong></span> <span class='ocrx_word' id='word_1_479' title='bbox 651 3707 701 3742; x_wconf 90' lang='lat' dir='ltr'><strong>non</strong></span> <span class='ocrx_word' id='word_1_480' title='bbox 723 3693 809 3742; x_wconf 87' lang='lat' dir='ltr'><strong>terrae:</strong></span> <span class='ocrx_word' id='word_1_481' title='bbox 822 3706 851 3741; x_wconf 90' lang='lat' dir='ltr'><strong>eo</strong></span> <span class='ocrx_word' id='word_1_482' title='bbox 870 3693 936 3754; x_wconf 92' lang='lat' dir='ltr'><strong>quod</strong></span> <span class='ocrx_word' id='word_1_483' title='bbox 947 3693 1027 3753; x_wconf 84' lang='lat' dir='ltr'><strong>justus</strong></span> <span class='ocrx_word' id='word_1_484' title='bbox 1048 3694 1074 3740; x_wconf 92' lang='lat' dir='ltr'><strong>iu</strong></span> <span class='ocrx_word' id='word_1_485' title='bbox 1097 3694 1255 3753; x_wconf 87' lang='lat' dir='ltr'><strong>peccatorum</strong></span> 
     </span>
     <span class='ocr_line' id='line_1_51' title="bbox 166 3763 1254 3824; baseline -0.002 -12"><span class='ocrx_word' id='word_1_486' title='bbox 166 3764 242 3812; x_wconf 88' lang='lat' dir='ltr'><strong>unius</strong></span> <span class='ocrx_word' id='word_1_487' title='bbox 257 3763 445 3822; x_wconf 72' lang='lat' dir='ltr'><strong>patrimonium,</strong></span> <span class='ocrx_word' id='word_1_488' title='bbox 457 3763 501 3810; x_wconf 91' lang='lat' dir='ltr'><strong>sed</strong></span> <span class='ocrx_word' id='word_1_489' title='bbox 515 3773 646 3809; x_wconf 91' lang='lat' dir='ltr'><strong>commune</strong></span> <span class='ocrx_word' id='word_1_490' title='bbox 656 3763 701 3809; x_wconf 89' lang='lat' dir='ltr'><strong>bo·</strong></span> <span class='ocrx_word' id='word_1_491' title='bbox 723 3764 879 3823; x_wconf 77' lang='lat' dir='ltr'><strong>generatione</strong></span> <span class='ocrx_word' id='word_1_492' title='bbox 894 3776 949 3822; x_wconf 82' lang='lat' dir='ltr'><strong>quaa</strong></span> <span class='ocrx_word' id='word_1_493' title='bbox 959 3763 1161 3824; x_wconf 84' lang='lat' dir='ltr'><strong>propterdelicta</strong></span> <span class='ocrx_word' id='word_1_494' title='bbox 1172 3763 1254 3810; x_wconf 92' lang='lat' dir='ltr'><strong>deleta</strong></span> 
     </span>
     <span class='ocr_line' id='line_1_52' title="bbox 168 3831 1255 3891; baseline -0.001 -12"><span class='ocrx_word' id='word_1_495' title='bbox 168 3844 231 3880; x_wconf 87' lang='lat' dir='ltr'><strong>num</strong></span> <span class='ocrx_word' id='word_1_496' title='bbox 247 3843 300 3879; x_wconf 88' lang='lat' dir='ltr'><strong>esse</strong></span> <span class='ocrx_word' id='word_1_497' title='bbox 314 3831 402 3890; x_wconf 89' lang='lat' dir='ltr'><strong>incipit</strong></span> <span class='ocrx_word' id='word_1_498' title='bbox 412 3831 540 3890; x_wconf 89' lang='lat' dir='ltr'><strong>disciplina</strong></span> <span class='ocrx_word' id='word_1_499' title='bbox 550 3831 664 3891; x_wconf 85' lang='lat' dir='ltr'><strong>virtutis,</strong></span> <span class='ocrx_word' id='word_1_500' title='bbox 675 3833 701 3880; x_wconf 90' lang='lat' dir='ltr'><strong>et</strong></span> <span class='ocrx_word' id='word_1_501' title='bbox 724 3834 769 3891; x_wconf 83' lang='lat' dir='ltr'><strong>est,</strong></span> <span class='ocrx_word' id='word_1_502' title='bbox 780 3833 873 3880; x_wconf 76' lang='lat' dir='ltr'><strong>uirtute</strong></span> <span class='ocrx_word' id='word_1_503' title='bbox 889 3832 985 3891; x_wconf 89' lang='lat' dir='ltr'><strong>primus</strong></span> <span class='ocrx_word' id='word_1_504' title='bbox 996 3832 1062 3891; x_wconf 90' lang='lat' dir='ltr'><strong>erat,</strong></span> <span class='ocrx_word' id='word_1_505' title='bbox 1074 3833 1099 3880; x_wconf 88' lang='lat' dir='ltr'><strong>et</strong></span> <span class='ocrx_word' id='word_1_506' title='bbox 1110 3833 1136 3879; x_wconf 95' lang='lat' dir='ltr'><strong>in</strong></span> <span class='ocrx_word' id='word_1_507' title='bbox 1147 3833 1255 3879; x_wconf 88' lang='lat' dir='ltr'><strong>secunda</strong></span> 
     </span>
     <span class='ocr_line' id='line_1_53' title="bbox 166 3899 1254 3963; baseline -0.005 -14"><span class='ocrx_word' id='word_1_508' title='bbox 166 3904 294 3960; x_wconf 85' lang='lat' dir='ltr'><strong>tamquam</strong></span> <span class='ocrx_word' id='word_1_509' title='bbox 303 3899 428 3959; x_wconf 75' lang='lat' dir='ltr'><strong>sapientis</strong></span> <span class='ocrx_word' id='word_1_510' title='bbox 436 3901 551 3959; x_wconf 90' lang='lat' dir='ltr'><strong>poculum</strong></span> <span class='ocrx_word' id='word_1_511' title='bbox 561 3901 700 3949; x_wconf 89' lang='lat' dir='ltr'><strong>hauritura</strong></span> <span class='ocrx_word' id='word_1_512' title='bbox 723 3902 896 3963; x_wconf 76' lang='lat' dir='ltr'><strong>generatione,</strong></span> <span class='ocrx_word' id='word_1_513' title='bbox 907 3915 961 3962; x_wconf 84' lang='lat' dir='ltr'><strong>quae</strong></span> <span class='ocrx_word' id='word_1_514' title='bbox 973 3901 1048 3961; x_wconf 88' lang='lat' dir='ltr'><strong>coepit</strong></span> <span class='ocrx_word' id='word_1_515' title='bbox 1055 3903 1113 3961; x_wconf 85' lang='lat' dir='ltr'><strong>post</strong></span> <span class='ocrx_word' id='word_1_516' title='bbox 1120 3901 1254 3956; x_wconf 85' lang='lat' dir='ltr'><strong>diluvium,</strong></span> 
     </span>
     <span class='ocr_line' id='line_1_54' title="bbox 167 3966 1256 4029; baseline -0.001 -17"><span class='ocrx_word' id='word_1_517' title='bbox 167 3967 281 4026; x_wconf 89' lang='lat' dir='ltr'><strong>piurimis</strong></span> <span class='ocrx_word' id='word_1_518' title='bbox 287 3968 330 4027; x_wconf 90' lang='lat' dir='ltr'><strong>qui</strong></span> <span class='ocrx_word' id='word_1_519' title='bbox 336 3969 394 4015; x_wconf 91' lang='lat' dir='ltr'><strong>ante</strong></span> <span class='ocrx_word' id='word_1_520' title='bbox 402 3967 513 4015; x_wconf 87' lang='lat' dir='ltr'><strong>sitientes</strong></span> <span class='ocrx_word' id='word_1_521' title='bbox 520 3967 606 4016; x_wconf 89' lang='lat' dir='ltr'><strong>bibere</strong></span> <span class='ocrx_word' id='word_1_522' title='bbox 615 3970 701 4017; x_wconf 89' lang='lat' dir='ltr'><strong>nolue-</strong></span> <span class='ocrx_word' id='word_1_523' title='bbox 724 3971 749 4018; x_wconf 93' lang='lat' dir='ltr'><strong>et</strong></span> <span class='ocrx_word' id='word_1_524' title='bbox 762 3970 862 4028; x_wconf 89' lang='lat' dir='ltr'><strong>ordine,</strong></span> <span class='ocrx_word' id='word_1_525' title='bbox 873 3970 930 4029; x_wconf 88' lang='lat' dir='ltr'><strong>quia</strong></span> <span class='ocrx_word' id='word_1_526' title='bbox 941 3970 1035 4029; x_wconf 90' lang='lat' dir='ltr'><strong>primus</strong></span> <span class='ocrx_word' id='word_1_527' title='bbox 1050 3966 1164 4015; x_wconf 88' lang='lat' dir='ltr'><strong>secundae</strong></span> <span class='ocrx_word' id='word_1_528' title='bbox 1179 3975 1256 4021; x_wconf 71' lang='lat' dir='ltr'><strong>uene·</strong></span> 
     </span>
    </p>
   </div>
   <div class='ocr_carea' id='block_1_12' title="bbox 166 4028 1254 4146">
    <p class='ocr_par' dir='ltr' id='par_1_16' title="bbox 166 4028 1254 4146">
     <span class='ocr_line' id='line_1_55' title="bbox 166 4028 1254 4146; baseline -0.007 -62"><span class='ocrx_word' id='word_1_529' title='bbox 166 4037 241 4096; x_wconf 84' lang='lat' dir='ltr'><strong>runt,</strong></span> <span class='ocrx_word' id='word_1_530' title='bbox 260 4035 325 4146; x_wconf 63' lang='lat' dir='ltr'><strong>siqui</strong></span> <span class='ocrx_word' id='word_1_531' title='bbox 350 4047 415 4083; x_wconf 90' lang='lat' dir='ltr'><strong>nuuc</strong></span> <span class='ocrx_word' id='word_1_532' title='bbox 441 4033 541 4084; x_wconf 80' lang='lat' dir='ltr'><strong>fervent</strong></span> <span class='ocrx_word' id='word_1_533' title='bbox 561 4034 654 4084; x_wconf 85' lang='lat' dir='ltr'><strong>diluvia</strong></span> <span class='ocrx_word' id='word_1_534' title='bbox 674 4038 700 4085; x_wconf 93' lang='lat' dir='ltr'><strong>in</strong></span> <span class='ocrx_word' id='word_1_535' title='bbox 724 4028 1254 4146; x_wconf 43' lang='lat' dir='ltr'><strong>rationistuit,etmeritoprimqsqevaseratr</strong></span> 
     </span>
    </p>
   </div>
   <div class='ocr_carea' id='block_1_13' title="bbox 0 0 1380 4806">
    <p class='ocr_par' dir='ltr' id='par_1_17' title="bbox 0 0 1380 4806">
     <span class='ocr_line' id='line_1_56' title="bbox 0 0 1380 4806; baseline 0 3"><span class='ocrx_word' id='word_1_536' title='bbox 0 0 1380 4806; x_wconf 95' lang='lat' dir='ltr'><strong> </strong></span> 
     </span>
    </p>
   </div>
  </div>
 </body>
</html>
