2752 4806
512 398 699 472 APAUhINO
712 399 804 448 virt.
1140 403 1195 448 uix

117 468 172 524 viri
187 471 322 541 religiosi,
335 472 494 532 detraheret
510 478 651 532 memoriae
669 478 837 544 Sacerdotis,
856 477 1083 549 adspernantibus
1100 480 1154 535 lllis
1166 481 1195 538 et

119 549 307 606 deserentibus
326 551 450 622 linguam
469 569 605 625 nequam,
627 558 719 611 subito
740 559 855 613 vulnere
876 571 1023 626 percussus
1042 560 1136 628 gravi,
1159 560 1194 615 de

118 629 215 683 eodem
226 630 285 684 loeo
296 630 324 683 in
333 646 388 701 quo
391 633 516 701 jacebat,
531 633 628 688 alienis
641 636 767 690 manibus
780 637 917 702 sublatus,
932 636 961 690 in
972 636 1105 692 lectulum
1117 637 1193 706 posi-

118 708 163 760 tus
175 710 230 773 est,
244 712 327 780 atque
340 710 403 765 inde
416 711 451 765 ad
462 713 621 779 sepulcrum
633 727 721 782 usque
734 714 895 783 perductus.
909 718 939 769 ln
952 716 1021 769 urbe
1034 715 1118 769 etiam
1129 718 1194 770 Car-

118 787 287 856 thaginensi,
304 804 369 844 cum
384 791 457 858 apud
474 793 656 845 Fortunatam
667 791 820 847 'diaconum
839 791 954 848 fratrem
965 792 1130 847 venerabilis
1141 792 1193 847 viri

117 867 221 922 Aurelii
235 869 371 938 episcopi,
385 867 420 924 ad
431 870 586 925 convivium
600 871 791 926 convenissem
804 886 936 926 unacum
949 870 1095 927 Vincentio
1105 871 1195 925 Colos-

116 944 204 999 sitano
212 947 353 1018 episcopo,
367 951 479 1002 Murano
491 948 575 1003 etiam
589 949 718 1019 episcopo
731 951 872 1015 Bolitano,
885 950 934 1004 sed
946 952 974 1003 et
986 949 1047 1003 aliis
1059 948 1195 1017 episcopis

114 1022 144 1078 'et
155 1024 314 1080 diaconibus
321 1043 329 1093 3
343 1031 409 1082 tunc
420 1030 532 1082 Murano
545 1028 673 1097 episcopo
686 1028 843 1083 detrahenti
856 1030 955 1082 Sancto
966 1027 1025 1083 viro
1038 1027 1123 1083 retuli
1135 1027 1195 1082 exi-

116 1105 176 1159 tum
187 1107 342 1176 presbyteri
352 1107 480 1176 superius
492 1107 637 1161 memorati
646 1121 652 1158 :
660 1106 735 1175 quod
747 1107 792 1160 ille
802 1106 836 1161 de
846 1106 899 1160 alio
910 1106 1031 1172 dictum,
1045 1106 1079 1161 de
1092 1120 1121 1161 se
1133 1119 1195 1160 ora·

116 1184 209 1237 culum
225 1187 334 1239 maturo
346 1186 389 1240 sui
402 1185 480 1239 exitu
492 1185 691 1253 comprobavit.
705 1187 772 1238 Nam
787 1185 821 1238 de
834 1184 931 1240 eodem
941 1185 1001 1238 loco
1013 1184 1042 1238 in
1054 1199 1109 1254 quo
1118 1185 1195 1253 jace·

115 1259 178 1325 bat,
192 1276 256 1314 cum
272 1263 363 1316 subito
381 1261 622 1332 uulnereingenti
641 1263 713 1316 esset
730 1277 894 1330 percussus,
908 1262 1005 1317 alienis
1018 1263 1145 1317 manibus
1158 1262 1194 1318 ad

115 1338 219 1392 lectum
231 1355 320 1411 usque
337 1342 462 1410 portatus
474 1340 531 1405 est,
545 1342 629 1409 atque
642 1339 706 1395 inde
722 1339 758 1394 ad
773 1341 885 1395 domum
897 1341 926 1394 in
938 1355 992 1411 qua
1004 1341 1194 1410 hospitabatur

116 1416 266 1484 deductus,
285 1419 357 1473 diem
376 1420 472 1474 elausit
491 1421 656 1473 extremum.
675 1421 699 1473 ls
716 1417 778 1473 finis
795 1419 919 1474 virorum
935 1419 975 1475 illi
988 1418 1193 1477 detrahentium

115 1492 184 1561 tuit,
197 1512 280 1566 quem
292 1498 416 1553 videntes
428 1498 476 1568 qui
490 1499 559 1552 tunc
573 1498 703 1563 aderant,
717 1496 846 1552 admirati
856 1499 928 1552 sunt.

148 1578 190 1632 ae.
204 1579 279 1634 Unde
292 1579 385 1633 hortor
397 1580 425 1634 et
437 1580 551 1634 obsecro
563 1593 673 1637 omnem
685 1579 841 1644 hominem,
852 1579 901 1648 qui
913 1580 988 1634 hunc
998 1579 1100 1635 libmm
1113 1581 1192 1650 lege-

115 1659 164 1724 rit,
177 1661 208 1713 ut
220 1659 344 1713 imitetur
353 1659 438 1715 uttam
451 1659 538 1719 sancti
552 1657 619 1723 viri,
636 1658 730 1712 laudet
746 1658 797 1712 Dei
811 1658 947 1728 gratiam,
963 1658 991 1713 et
1008 1658 1128 1714 declinet
1140 1658 1192 1714 de-

114 1739 282 1794 trahentium
293 1740 401 1807 linguas
408 1754 416 1804 ;
430 1738 453 1791 si
464 1738 525 1792 vult
536 1736 623 1806 magis
635 1736 808 1790 consortium.
818 1736 921 1791 habere
932 1749 996 1790 cum
1008 1736 1151 1790 Ambrosio
1164 1736 1193 1790 in

113 1819 314 1873 resurrectione
326 1818 406 1882 vitae,
419 1830 503 1887 quam
516 1830 579 1869 cnm
597 1813 806 1870 detrahentibus
822 1813 877 1869 iuis
895 1813 989 1870 subire
1008 1815 1190 1886 supplicium,

114 1897 188 1967 quod
200 1898 292 1952 nullus
302 1897 411 1966 sapiens
422 1909 476 1949 non
484 1895 620 1973 declinat.

147 1978 190 2031 56.
203 1979 290 2030 luam
304 1976 388 2031 etiam
403 1987 501 2044 precor
512 1972 729 2038 beatitudinem,
744 1973 824 2041 pater
840 1972 1010 2044 Augustine‚
1029 1978 1061 2041 ut
1078 1987 1129 2043 pro
1146 1987 1191 2029 me

114 2057 266 2111 humillimo
276 2058 422 2125 peccatore
434 2054 547 2108 Paulino
561 2066 624 2107 cum
636 2053 763 2107 omnibus
774 2052 876 2107 sanctis
891 2053 940 2122 qui
956 2054 1049 2108 tecum
1062 2054 1191 2108 invocant

114 2149 213 2190 nomen
225 2134 333 2189 Domini
348 2133 433 2187 nostri
447 2136 512 2187 Jesu
525 2131 623 2186 Christi
640 2131 669 2184 in
686 2131 820 2196 veritate,
834 2144 914 2186 orare
926 2131 1048 2201 digneris
1056 2148 1064 2198 ;
1078 2136 1109 2186 ut
1126 2133 1191 2203 quia

115 2214 142 2265 in
155 2212 329 2283 adipiscenda
346 2211 436 2281 gratia
453 2224 517 2265 curn
536 2212 612 2264 tanto
629 2208 689 2263 viro
707 2223 761 2263 non
779 2222 841 2263 sum
854 2209 954 2278 dignus
968 2210 1070 2265 habere
1082 2224 1193 2264 consor-

114 2293 198 2358 tium,
212 2293 327 2360 adeptus
338 2303 463 2346 meorum
474 2288 584 2346 veniam
595 2291 789 2360 peecatorum,
802 2288 839 2342 sit
851 2288 920 2342 mihi
932 2289 1078 2358 premium
1089 2289 1192 2358 fugisse

115 2372 281 2441 supplicium
292 2373 311 2426 ⁸.

136 2516 146 2534 “
154 2514 181 2552 In
190 2514 229 2552 hae
237 2501 477 2562 notitia,'quaeeumque
485 2512 512 2550 ad
522 2511 565 2549 divi
574 2509 689 2559 Augustini
697 2508 857 2548 conversionem
868 2510 1013 2556 pertinerent,
1024 2507 1093 2545 omisit
1103 2517 1129 2544 ex
1142 2516 1192 2546 con·

113 2572 169 2609 sulio
179 2571 288 2609 Paulinus.
296 2570 340 2619 Qui
348 2570 396 2607 licet
405 2569 527 2607 sanctissimi
536 2568 570 2606 sui
582 2568 678 2614 magistri
687 2567 814 2604 memoriam
824 2570 845 2602 ct
854 2565 959 2604 honorem
970 2567 1014 2602 toto
1024 2566 1068 2602 zelo
1080 2573 1192 2612 prosequo-

113 2632 184 2672 retur,
196 2631 266 2663 tamen
279 2627 415 2664 condecentia
427 2637 451 2663 ac
466 2626 585 2664 reverentia
599 2627 722 2672 permotus,
736 2623 845 2662 modestiae
859 2626 880 2660 at
893 2622 1012 2659 humilitati
1025 2620 1109 2668 eiusad
1125 2630 1192 2670 quem

111 2685 228 2735 surdebat,
238 2693 304 2732 quam
313 2684 464 2734 gloriosissimae
471 2685 494 2722 in
502 2683 586 2724 Christo
594 2682 735 2730 acquisitionis
743 2681 860 2729 praeconio.
872 2680 948 2719 maluit
957 2679 1080 2727 indulgere.¹
