2752 4806
146 419 175 466 3¹1
534 423 660 469 staur
670 423 836 467 insensu

147 505 244 552 dolores
255 518 285 553 eo
294 506 431 566 gravissimi
444 505 598 552 internorum
608 517 673 563 saepe
699 508 737 550 rel
746 507 808 551 terre
820 504 916 550 labem
924 505 996 561 peni,
1005 506 1228 564 mmet*
1267 513 1270 517 ’

148 573 269 621 viscerum
277 575 415 634 sopiuntur.
422 575 472 621 Nee
483 574 547 620 illud
554 573 674 633 preterit,
697 574 798 618 man·
807 587 888 633 §²¹¹³-
897 573 950 617 ,ἴου
960 575 1040 618 solnm
1050 574 1228 632 eni-sponh-

147 639 213 698 quod
230 641 301 687 conio
317 641 465 701 plerumque
479 640 576 687 furores
589 639 675 685 libidi-
698 653 771 686 neam
780 642 921 687 alimoniam
929 642 1228 701 comprehenditque&

147 720 206 755 num
216 709 675 768 marcuerant,ethellebororetnst2
698 710 724 754 in
736 710 856 756 herbiset
871 709 1010 768 radicibus,
1025 712 1101 769 atqne
1114 710 1142 755 in
1155 710 1227 756 arbu-

146 775 632 836 passionesmgrieorporissantsolutae.
697 778 1226 837 rnm,reliqnisqneirnetibns=sedetiam

175 837 534 904 io.ltoosolumigitnrnntla
547 844 675 890 inhiare·
696 847 1228 906 eamquaeinduslriacomparatnr,etcul·

145 909 278 969 prehensio
294 914 426 972 creatoris,
442 915 486 960 sed
500 913 577 960 etiam
591 913 675 959 inere·
696 915 853 960 tnrnstirani
862 914 954 960 laboris
961 914 1107 973 acquiritur.

145 979 256 1026 mentum
267 982 305 1027 est
314 983 457 1039 gratiarum.
470 982 599 1040 Siquidem
608 981 674 1041 qued
725 981 766 1027 bb
777 983 858 1038 Quam
871 982 991 1028 decorum
1005 984 1089 1027 autem
1099 981 1168 1041 qnod
1176 992 1228 1028 non

144 1045 325 1106 adperienlum
335 1051 673 1109 putabasessegeneratum,
696 1051 779 1096 entim
795 1049 901 1095 medere
917 1053 995 1096 terras
1012 1062 1100 1096 semen
1115 1049 1228 1105 inmitet

144 1115 297 1164 adremeffia
314 1119 363 1166 tibi
374 1120 461 1166 salutis
475 1123 601 1178 operatur.
612 1120 673 1164 liam
697 1119 808 1164 tructus:
824 1118 869 1164 sed
885 1119 994 1176 primum
1012 1118 1170 1177 germinare,
1182 1117 1227 1164 de·

144 1185 172 1230 et
182 1184 208 1230 id
217 1186 283 1244 qnod
296 1189 403 1244 periculi
420 1189 472 1244 est,
483 1201 529 1247 per
538 1187 673 1246 pmriden-
697 1187 755 1232 inde
765 1187 913 1232 herbescere
922 1199 1022 1244 campos
1031 1186 1131 1243 statuit,
1138 1185 1227 1244 postea

144 1253 206 1298 tiam
223 1254 383 1301 declinatur:
401 1258 427 1303 et
445 1257 471 1301 id
488 1257 555 1314 quod
572 1257 672 1312 salutis,
682 1268 685 1317 ξ
696 1255 833 1300 secundnm
857 1255 1035 1314 proprietatem
1062 1255 1102 1299 sni
1125 1254 1227 1312 gemmis

144 1331 191 1379 per
206 1322 352 1370 iudustriam
363 1335 411 1370 non
428 1325 560 1370 amittitur.
575 1326 613 1369 An
622 1335 672 1368 non
682 1326 685 1339 '
696 1336 780 1369 semen
795 1323 953 1380 adolescere,
969 1326 997 1370 nt
1007 1334 1143 1381 numquam
1152 1333 1227 1368 arro-

145 1399 205 1436 oves
214 1393 240 1439 et
256 1405 336 1452 caprae
346 1405 376 1439 ea
385 1407 442 1452 qna»
458 1394 507 1440 sibi
516 1393 591 1439 noxia
601 1396 672 1448 sunt,
696 1404 750 1436 rum
759 1394 859 1438 mearet
868 1392 962 1450 gratia,
971 1405 1028 1451 quae
1037 1393 1106 1450 grato
1116 1391 1226 1450 prinum

143 1456 270 1507 beelim
286 1461 426 1509 didicerunt
444 1466 470 1509 et
481 1464 533 1509 solo
543 1462 618 1508 odore
627 1474 672 1520 per
695 1460 785 1507 decom
810 1462 961 1518 vernarent,
987 1463 1073 1519 postca
1098 1459 1225 1507 hminum

143 1528 266 1585 quoddam
280 1532 375 1578 natura
383 1532 545 1590 mysterium,
556 1543 613 1576 cum
622 1530 672 1575 sint
695 1527 1017 1589 mamentnhlitateml

143 1597 247 1645 rationis
257 1600 673 1658 expertesssationemtamenera-
914 1634 1001 1646 ..-

144 1664 221 1712 dendi
244 1669 372 1727 periculi,
394 1669 437 1715 rel
462 1668 562 1716 meone
585 1667 672 1713 salutis
872 1702 1048 1754 mmx-

143 1739 427 1797 momentaneoque
444 1739 577 1797 pariterue
586 1736 672 1796 protu-
1172 1782 1176 1789 ,

144 1803 200 1849 tura
209 1805 371 1864 distinguunt
382 1808 417 1853 ita
425 1809 452 1853 ut
460 1808 670 1866 plerumqnecum
695 1805 909 1854 &niumm
922 1808 1009 1854 rnre&
1018 1807 1162 1854 mnis,
1172 1813 1224 1868 Ψ

144 1875 238 1920 armata
254 1876 358 1921 venenis
375 1876 426 1921 tela
443 1874 584 1932 senserint,
602 1875 672 1919 nom
716 1871 795 1922 ²⁰5¹·
805 1871 850 1923 Ψ
863 1858 1223 1923 “““.““’.“““’“Ρῗ’“ἓ”

143 1941 672 2003 petereberbasatquehisremedinmrnl-
715 1915 1225 2016 fflffffissffmflssffi‘

143 2009 199 2055 neri
210 2010 325 2058 dicantur
332 2011 461 2059 adhibere.
472 2012 546 2058 Cibus
555 2011 671 2069 illiserro
716 2021 912 2059 mmmmm
918 2022 1030 2058 eonium
1038 2019 1225 2068 „munem

143 2077 269 2126 medicina
276 2082 365 2139 est‚nt
372 2081 471 2128 resilire
478 2078 671 2139 sagittmffiess
715 2080 825 2122 retenti
837 2080 930 2112 2¹²¹*-
945 2079 1028 2137 remu
1047 2076 1113 2112 σὺ·
1125 2083 1187 2112 ¹¹²⁰
1200 2083 1224 2110 θ’

143 2149 286 2208 ernlnere,
297 2149 420 2210 elingere
434 2161 547 2206 venena,
557 2160 609 2194 uon
618 2160 671 2193 ser-
716 2140 760 2167 '⁰¹’
770 2140 905 2178 ΨΜ*
913 2129 1043 2166 mm

142 2227 213 2275 pere.
231 2218 344 2278 lienique
363 2219 445 2266 certis
459 2218 530 2265 cibus
545 2228 670 2265 venenum
723 2213 763 2260 id
775 2215 826 2260 San
842 2213 906 2260 forte
923 2213 981 2272 quis
997 2211 1064 2259 dicat
1077 2210 1224 2270 thomodo

143 2285 190 2332 est
201 2287 307 2334 i'olnber
316 2300 417 2335 cenum
430 2287 511 2346 fugit,
522 2287 620 2333 leonem
632 2286 669 2331 in-
694 2283 829 2331 secundum
845 2295 923 2341 germ
931 2285 997 2329 terra
1010 2281 1105 2341 profert
1115 2281 1223 2338 semina,

142 2355 234 2404 torticit
244 2371 252 2403 ε
263 2357 338 2405 draeo
348 2357 507 2418 elephantem
517 2355 591 2415 ligat,
601 2355 671 2413 cnjus
695 2366 752 2400 cum
768 2353 918 2413 plerumque
928 2353 1022 2398 semina
1034 2351 1100 2407 iarta
1116 2350 1225 2408 &qene-

142 2423 403 2473 ruinamorsrictoris
412 2426 459 2472 est.
470 2423 567 2470 ntideo
576 2436 671 2470 summa
695 2423 764 2481 rent,
783 2422 810 2467 et
832 2433 890 2468 cum
907 2422 1000 2467 bonnm
1018 2420 1130 2466 triticum
1147 2417 1224 2466 inerit

143 2490 170 2535 vi
179 2492 305 2551 utrimque
317 2493 440 2548 certatur;
451 2492 495 2537 ille
504 2492 534 2537 ut
540 2491 629 2549 pedem
637 2493 672 2537 al-
695 2492 857 2548 seminaium,
865 2490 965 2536 decolor
972 2487 1027 2545 ejus
1033 2487 1144 2546 species,
1152 2487 1181 2532 et
1187 2486 1224 2532 iu·

143 2557 218 2616 liget,
228 2559 255 2604 in
265 2569 314 2617 quo
327 2571 399 2606 casus
416 2557 496 2603 vincti
514 2557 564 2602 sibi
581 2570 671 2605 nocere
696 2560 771 2606 terior
794 2559 874 2606 forma
895 2556 1028 2604 reddatur?
1050 2555 1100 2602 Sed
1127 2555 1176 2602 hoc
1200 2554 1223 2602 si

142 2637 192 2672 non
200 2626 277 2686 possit
284 2639 292 2684 3
300 2626 348 2672 iste
357 2638 391 2672 ne
399 2624 537 2684 posteriore
546 2626 672 2673 extremus
694 2629 792 2688 quando
810 2628 914 2686 accidit,
925 2639 976 2673 non
986 2627 1017 2672 ad
1035 2624 1224 2672 translationem

142 2695 222 2754 pede,
233 2695 276 2742 aut
286 2695 349 2742 calle
360 2695 474 2754 capiatur
491 2693 612 2752 aurudo,
627 2696 670 2741 nbi
694 2698 807 2756 generis,
816 2697 859 2743 sed
867 2697 898 2742 ad
907 2694 1082 2755 egritudinem
1092 2691 1224 2753 quamdam

142 2764 185 2810 vel
201 2763 254 2823 ipse
272 2777 299 2812 se
314 2777 364 2811 non
382 2763 459 2824 queat
474 2765 631 2822 retorquere,
645 2766 671 2810 et
695 2767 721 2813 et
736 2765 928 2824 inequalitatem
939 2763 1043 2810 seminis
1057 2761 1224 2808 videturesse

143 2831 275 2880 draconem
283 2834 353 2893 gravi
362 2833 491 2893 proterere
499 2832 619 2891 vestigio,
629 2833 671 2879 rel
695 2834 862 2880 referendum.
871 2833 925 2877 b'on
933 2832 1002 2878 en'nn
1012 2829 1105 2877 desinit
1112 2841 1168 2877 esse
1178 2829 1224 2876 tri-

143 2902 269 2961 soquentis
284 2903 412 2963 elephanti
425 2903 550 2951 auxilium
566 2903 672 2950 nonha-
694 2903 785 2960 ticum,
806 2904 826 2949 si
852 2900 895 2947 aut
915 2900 1005 2958 trigore
1028 2898 1164 2956 aduratur,
1182 2898 1224 2945 aut

142 2968 212 3018 bere.
696 2971 774 3017 imbre
792 2969 935 3016 madidetur
956 2982 964 3013 τ
983 2967 1028 3014 sed
1045 2967 1130 3027 specie
1146 2967 1224 3026 magis

172 3036 212 3084 bi.
232 3040 294 3098 Ergo
312 3039 333 3086 si
353 3039 533 3087 irrationabilia
554 3038 670 3086 ammalia
694 3054 767 3101 quarn
786 3053 892 3100 genere,
910 3039 992 3085 colore
1010 3049 1109 3096 quoque
1126 3035 1154 3082 et
1168 3047 1223 3082 cor-

38 3087 50 3095 *
142 3107 234 3155 norom
243 3107 334 3166 quibus
343 3110 391 3156 sibi
399 3110 442 3156 aut
451 3109 606 3156 medicentur
615 3109 671 3156 ber-
695 3109 810 3169 ruptione
825 3109 958 3154 mutatum.
975 3106 1089 3165 Denique
1109 3104 1225 3163 frequen-

142 3172 199 3232 bis,
209 3175 253 3222 aut
262 3176 377 3224 subsidiis
386 3189 459 3236 opem
469 3178 587 3236 ailerant;
597 3177 670 3224 bomo
694 3179 734 3224 ter
750 3176 876 3223 madidata
895 3174 1019 3222 frumenta
1035 3173 1112 3221 insui
1126 3173 1226 3233 ueneris

123 3254 126 3259 ’
142 3242 269 3290 nescitcoi
275 3245 429 3293 rationabilis
435 3258 520 3294 sensns
527 3247 669 3306 innascitur,
694 3247 803 3305 speciem
819 3246 992 3302 revertuntur,
1007 3243 1029 3289 si
1045 3244 1089 3289 aut
1104 3241 1172 3298 sole,
1182 3241 1224 3288 aut

143 3311 442 3361 auttamaliennsarero
450 3315 669 3375 est,utquaecui-
695 3315 792 3374 ignibus
817 3315 973 3370 torreantur,
997 3312 1041 3358 aut
1063 3310 1225 3368 diligentibus

142 3391 191 3439 qne
199 3382 256 3441 apta
263 3382 373 3430 sintnsni
381 3384 483 3430 minime
491 3383 669 3444 deprehendat:
694 3384 823 3431 commissa
838 3383 986 3439 cultoribus,
1002 3380 1068 3427 aeris
1084 3379 1224 3437 temperie,

142 3449 187 3496 aut
196 3449 231 3496 ita
241 3451 335 3498 naturai
344 3452 454 3512 ingratus
470 3453 555 3510 bonis,
570 3453 599 3499 nt
608 3465 670 3511 quo-
695 3455 866 3511 terrarnmqne
875 3451 992 3498 teretium
1000 3447 1225 3497 ubertatoiorean·

142 3516 208 3565 niam
217 3520 310 3567 taurim
321 3520 424 3569 haustus
434 3522 561 3582 sanguinis
571 3521 670 3568 lethalis
695 3524 743 3569 tur.
754 3523 840 3581 ltaque
859 3523 989 3580 reparatur
1005 3519 1033 3566 in
1048 3517 1147 3574 sobole,
1157 3516 1226 3577 quod

141 3585 180 3633 est
188 3587 293 3648 bomini,
301 3591 431 3649 propterea
442 3592 512 3648 putet
522 3590 668 3638 laboriosnm
694 3591 886 3650 degeneraverat
905 3591 933 3636 in
951 3589 1063 3648 parente.
1081 3585 1152 3634 Unde
1174 3596 1225 3632 non

141 3657 235 3704 animal
252 3660 296 3705 aut
315 3659 384 3705 nasci
405 3671 454 3705 non
475 3659 608 3719 debuisse,
627 3663 670 3706 ant
694 3661 878 3720 periclitamur,
896 3669 928 3705 ne
939 3653 1166 3717 preceptumitlud
1177 3653 1224 3700 Ilei

141 3725 196 3773 sine
207 3725 325 3784 magnino
336 3725 451 3774 debuisse
460 3729 670 3787 generari‚cu1us
694 3730 764 3787 cuins
781 3741 840 3775 naus
864 3728 959 3774 naturae
978 3723 1097 3781 inolevit,
1115 3725 1143 3770 in
1165 3721 1225 3769 reli·

141 3792 222 3839 virtus
241 3793 273 3840 ad
293 3795 386 3841 cultum
406 3807 518 3853 agrorum
533 3797 620 3854 utilis,
638 3798 669 3843 ad
693 3790 1225 3857 quumsuccessionisritiodestitutnmsit,

141 3872 215 3907 usum
230 3861 395 3920 plaustrorum
410 3860 516 3920 habilis,
534 3864 566 3910 ad
582 3864 667 3910 elimo
694 3879 749 3913 cum
759 3866 883 3924 hodieque
894 3865 920 3911 io
931 3862 1067 3909 seminibus
1077 3858 1177 3920 generis
1186 3858 1224 3906 sni

141 3929 210 3977 niam
231 3929 331 3988 suavis,
353 3930 450 3977 diverso
471 3941 574 3978 munere
598 3931 669 3979 fulcit
694 3935 822 3982 sinceritas
830 3934 981 3980 reservetur.

142 3997 274 4058 agricolas,
284 3998 373 4057 quibus
382 4000 461 4057 Dens,
471 3999 491 4045 si
502 3999 565 4046 bona
574 4013 617 4046 sua
625 4013 666 4046 no·
723 4001 761 4048 lt.
773 4003 833 4048 llam
845 4002 931 4048 lolium
942 3998 1073 4058 etreliqua
1083 3996 1225 4044 adulterina

142 4065 208 4127 rint,
217 4066 334 4116 universa
343 4066 459 4117 donarit.
469 4067 554 4116 dicens
563 4081 569 4114 :
579 4070 669 4118 Germt-
693 4069 788 4117 semina
797 4067 982 4128 quai'trugibus
996 4079 1061 4127 sepe
1072 4065 1224 4123 miscentur,
