2752 4806
500 381 542 427 DE
560 381 731 428 nbnnbnm
752 383 856 429 bruun
873 382 907 428 ΙΙ.
1191 383 1237 432 253

152 454 231 512 utmu,
239 456 261 502 ei
266 453 345 516 peries
351 455 435 523 fitium.
445 455 617 517 cognoscimus
624 468 683 516 ergo
709 458 807 506 adeone
826 459 896 517 utque
908 457 1025 518 porcorum
1036 470 1046 506 r
1059 458 1097 507 aed
1113 457 1166 507 ostie
1179 461 1238 507 ciros

152 522 212 581 quia
222 523 319 583 quando
327 525 483 586 renitentia
492 525 538 573 Dei
547 537 621 585 super
627 536 683 585 pro·
707 527 844 572 sanctorum
851 557 861 583 ,
877 528 901 574 et
915 526 1033 573 domestici
1046 528 1098 573 Dei.
1110 527 1160 574 lion
1178 539 1236 586 ergo

152 592 279 651 pheticam
303 595 425 655 mentem,
443 595 524 644 subito
548 594 634 653 irruit,
657 594 683 641 et
708 593 761 639 baec
779 592 846 639 terra
865 593 949 640 nostra
967 592 1018 651 est,
1041 593 1072 641 de
1090 606 1136 654 qua
1154 596 1240 654 potest.

152 659 212 707 inde
223 660 363 710 incubuisse
374 664 400 710 et
410 663 529 711 cecidisse
540 676 615 723 super
625 675 682 722 pro-
707 661 824 721 prineeps
832 661 919 708 mundi
931 659 1006 719 buius
1013 661 1097 708 dicere
1107 662 1236 709 ostendens

152 727 241 787 pbetas
251 729 367 788 Spiritum
375 732 485 780 sanctum
496 732 613 790 legimus3
624 731 682 790 quia
707 729 787 776 omnia
799 741 873 793 regna
885 729 951 776 orbis
961 731 1032 776 terreo
1045 742 1051 775 :
1066 729 1184 776 Tibidabo
1193 743 1235 789 po

152 808 280 846 excessum
288 801 427 860 patitur‚et
435 801 555 859 turbatur,
566 802 589 848 et
599 801 681 860 timet,
707 800 811 846 testatem
829 799 905 856 tmnc,
923 799 945 845 si
965 799 1085 857 procidens
1103 798 1236 846 adoraveris

152 864 179 911 et
187 866 333 925 quibusdam
348 869 492 929 ignorantias
502 871 528 917 et
538 869 682 929 impruden·
706 879 742 913 me
752 882 760 912 .·
772 868 847 913 eruut
864 866 946 913 omnia
960 865 1004 913 tua
1022 878 1078 925 quae
1095 864 1142 912 sibi
1158 864 1235 912 alieni

152 932 194 980 tiae
213 933 321 982 tenebris
346 937 481 985 offunditur
502 950 509 983 a
529 937 594 984 sicut
613 939 639 985 et
655 938 681 985 iu
706 934 847 994 vindicant,
858 935 884 982 et
894 934 995 981 seruitio
1005 934 1147 994 opprimunt
1156 946 1240 993 popu·¹

151 1000 251 1049 Actibus
259 1004 427 1062 Apostolorum
443 1005 548 1065 legimus
563 1006 621 1065 quia
635 1006 681 1054 eir.
706 1002 758 1049 lum
774 1003 835 1062 Dei3
846 1004 874 1050 ut
884 1003 962 1049 servis
973 1001 1026 1060 ejus
1035 1014 1138 1059 nocere,
1151 1004 1177 1048 et
1186 1003 1235 1049 bu-

151 1068 276 1118 cumiulsit
293 1083 369 1132 super
387 1072 490 1120 Saulum
506 1074 538 1121 de
560 1074 636 1133 coelo,
656 1076 682 1121 et
706 1069 804 1116 miliare
815 1070 936 1117 conentur
946 1071 1041 1118 sanctes
1056 1071 1112 1118 Dei.
1123 1070 1234 1130 benique

151 1138 256 1196 cecidit,
271 1139 297 1186 et
307 1140 408 1188 horrore
419 1140 497 1187 enimi
508 1140 619 1187 turbatus
630 1142 681 1199 est,
706 1136 759 1196 ipse
770 1139 846 1184 Filius
856 1138 902 1184 Dei
913 1137 977 1185 nihil
987 1137 1034 1186 cibi
1046 1150 1078 1186 ex
1089 1137 1235 1187 boemundo

150 1205 285 1255 etaudivit
302 1219 388 1255 vocem
404 1207 436 1254 de
456 1207 518 1254 coeiu
538 1207 680 1257 dicentem:
707 1207 882 1258 vindicandum
893 1210 1005 1270 putavit,
1015 1209 1081 1257 unde
1098 1210 1151 1257 ait:
1164 1212 1234 1259 Venit

149 1275 235 1334 Sancte,
246 1276 330 1334 sonte,
342 1276 397 1335 qaid
408 1289 445 1322 mc
458 1278 602 1336 persequeris
611 1275 622 1322 i
632 1278 681 1324 De«
706 1280 788 1325 mundi
799 1279 868 1336 tiniae
885 1281 1002 1340 princepe,
1012 1281 1035 1325 et
1050 1280 1074 1326 in
1085 1291 1122 1327 me
1136 1280 1233 1327 inveniet

148 1342 211 1391 sinit
221 1344 289 1390 enim
297 1342 383 1391 ridere
394 1343 533 1401 secularia,
542 1344 584 1403 qui
594 1345 680 1404 incipit
705 1345 772 1392 nitati.
784 1347 883 1394 Diversi
893 1360 951 1407 ergo
967 1346 1065 1397 Domini
1075 1346 1102 1394 tu
1112 1347 1232 1394 servitute

147 1411 238 1459 audire
247 1410 339 1458 divina.
348 1411 416 1457 Unde
425 1413 450 1459 et
458 1411 569 1459 timorem
578 1413 680 1459 Abrabae
704 1425 749 1459 nos
765 1415 854 1462 volunt
868 1417 965 1475 tenere,
982 1416 1088 1464 incesset
1106 1416 1230 1474 diabolus,

147 1481 178 1528 et
194 1480 310 1528 tenebras
326 1480 410 1528 mirari
432 1493 481 1528 non
500 1480 588 1540 debes,
610 1483 679 1541 quasi
703 1480 821 1530 infestant
831 1485 911 1542 angeli
927 1484 994 1542 eius,
1004 1484 1127 1544 passiones
1137 1484 1232 1531 motus-

147 1551 242 1610 praeter
251 1548 370 1597 virtutem
385 1550 427 1596 aut
442 1549 558 1597 meritum
574 1551 627 1608 eius
637 1563 679 1598 nc-
701 1562 750 1608 que
761 1552 870 1610 corporis
880 1553 950 1600 velut
960 1553 1090 1600 domestici
1106 1553 1179 1612 atque
1190 1552 1231 1598 in·

148 1616 271 1675 ciderint,
283 1629 339 1665 cum
354 1617 528 1679 prophetarum
547 1619 677 1666 cousuetu-
702 1618 788 1665 tostini
799 1620 880 1668 bostes
891 1621 1039 1680 inquietant.
1051 1620 1117 1669 Foris
1127 1631 1230 1680 pugnar,

149 1685 203 1733 dini
221 1699 354 1746 congruere
376 1687 500 1747 advertes,
518 1687 614 1747 quaudo
632 1687 677 1736 ad·
702 1685 769 1734 intus
780 1688 898 1737 timores:
909 1689 968 1737 iuris
979 1688 1231 1750 pugnamintuscupi-

147 1755 247 1814 juncta,
258 1755 287 1803 ut
298 1755 543 1815 cognoscantiutura.
701 1755 799 1802 ditates.
807 1758 892 1805 Aliena
901 1760 939 1807 cet
947 1760 1013 1806 enim
1022 1757 1112 1804 interni
1122 1756 1230 1816 corporis

161 1846 169 1864 ι
180 1821 219 1870 62.
230 1823 348 1872 Continuo
363 1825 445 1870 autem
455 1824 548 1871 dictum
559 1825 636 1872 babes
645 1824 677 1872 ad
701 1825 838 1875 substantia
856 1828 959 1888 puritati
970 1827 1062 1887 cordis3
1075 1829 1101 1875 et
1114 1828 1170 1877 ideo
1181 1828 1230 1874 im-

150 1903 209 1938 eum
220 1904 227 1936 ε
239 1892 334 1939 sciendo
343 1893 398 1940 scies
408 1893 469 1951 qood
477 1894 625 1951 peregrinum
633 1895 677 1941 erit
701 1895 805 1954 pugnat,
814 1898 855 1943 vel
863 1899 929 1944 certe
936 1897 1063 1957 repugnat.
1070 1897 1164 1944 Bellum
1172 1907 1229 1954 ergo

148 1974 226 2009 semen
238 1963 302 2009 tunm
312 1962 338 2008 in
349 1963 413 2008 terre
425 1972 473 2006 non
483 1975 541 2017 ena,
551 1964 573 2008 et
586 1965 677 2010 servitio
701 1963 871 2020 quotidianum
882 1968 933 2024 est,
945 1968 971 2013 et
979 1967 1043 2012 intra
1054 1966 1132 2012 castra
1141 1965 1228 2011 eudem

148 2031 315 2090 opprimentur,
325 2032 346 2077 et
356 2029 470 2077 nocebunt
480 2031 512 2076 eis
517 2061 525 2086 ,
534 2031 556 2076 ct
567 2029 677 2076 tremitio-
701 2042 776 2087 grave
786 2031 912 2091 pralium,
923 2032 1000 2079 donec
1015 2034 1081 2078 Deus
1092 2032 1229 2078 misericors

149 2097 208 2145 bunt
218 2111 255 2146 cos
266 2100 335 2146 annio
349 2098 530 2158 quadriopmtie.
543 2096 628 2143 bierito
640 2099 677 2144 te·
702 2097 825 2144 diabolum
837 2101 911 2158 ablue
921 2099 1046 2146 ministros
1056 2098 1110 2156 ejus
1118 2098 1227 2156 iudicet,

148 2166 266 2213 nebrosus
276 2165 362 2212 horror
377 2165 403 2212 ct
418 2177 519 2224 magnus
535 2163 612 2211 iactus
626 2166 675 2226 ost3
701 2167 826 2225 passiones
834 2167 982 2226 restinguat,
992 2179 1019 2214 ac
1027 2166 1143 2223 subjiciat
1150 2166 1229 2212 menti

148 2233 208 2292 quia
218 2246 303 2293 magua
313 2234 412 2282 oracula
421 2232 609 2294 deferebantur,
620 2247 675 2281 cum
700 2233 805 2292 sedulae,
815 2237 929 2294 exquirat
936 2234 1028 2282 animas
1036 2234 1129 2281 nostras
1137 2232 1167 2279 de
1175 2244 1228 2287 om·
1244 2273 1245 2278 ,

148 2301 181 2349 de
191 2303 281 2363 populu
291 2302 434 2349 sacculorum
451 2301 553 2348 dabatur
567 2314 676 2362 praecep-
701 2301 772 2351 nibus
779 2304 930 2364 offensionis,
940 2305 965 2351 et
975 2302 1079 2363 periculi
1087 2301 1163 2350 nostri
1172 2313 1228 2347 auc·

148 2370 211 2418 ium.
223 2369 346 2428 Quomodo
357 2371 406 2417 tam
422 2368 494 2416 tacite
506 2382 594 2429 capere
611 2371 675 2417 istud
701 2371 807 2431 toribus,
820 2373 863 2432 qui
878 2373 928 2427 ait:
941 2372 1227 2431 Sanquinemanimorom

147 2451 220 2498 mens
243 2440 349 2488 bumana
370 2439 480 2497 poterat,
496 2438 603 2485 maxime
622 2452 676 2500 quaeg
701 2444 832 2488 vestrarum
840 2440 1113 2502 eequiromdemonibm
1123 2441 1227 2487 omnium

147 2507 339 2566 admonebatur,
349 2509 376 2554 ut
386 2508 413 2552 in
424 2507 470 2554 hac
481 2507 677 2567 peregrinaretur
702 2510 836 2557 bestiarum.
847 2512 876 2559 m
891 2511 1013 2558 iohannes
1029 2509 1092 2556 vidit
1102 2509 1126 2555 ei
1144 2507 1225 2555 dixit:

146 2577 215 2624 terra
224 2575 234 2622 i
243 2577 295 2622 Non
312 2576 378 2623 euim
389 2576 439 2622 tam
451 2587 504 2634 quae
514 2573 596 2621 iutura
608 2579 677 2624 erent
702 2579 763 2637 Quia
774 2590 836 2626 mors
848 2579 870 2624 et
879 2577 1054 2639 infernmmim
1066 2579 1120 2626 mni
1131 2578 1155 2623 in
1165 2577 1226 2636 step-

147 2644 350 2702 declarabantur‚
366 2654 439 2702 quam
458 2642 677 2700 proscribebantur
701 2658 757 2691 num
767 2646 835 2705 ionis.

145 2725 204 2772 quae
213 2710 325 2756 iacienda
333 2709 404 2756 nobis
412 2708 505 2757 iurent:
515 2711 676 2770 Peregrinum,
732 2714 771 2761 65.
782 2707 867 2774 ltaque
878 2715 982 2764 exibunt
995 2715 1069 2774 justi,
1080 2714 1108 2763 ut
1121 2712 1186 2761 nibil
1195 2712 1225 2761 do

144 2781 243 2842 inquit,
254 2781 296 2827 en‘t
311 2792 387 2828 semen
402 2781 483 2840 tunm,·
494 2779 546 2827 sive
557 2781 615 2839 quia
625 2793 677 2829 om·
701 2799 745 2834 suo
760 2786 887 2833 dimittant
904 2787 930 2832 in
947 2788 992 2833 hnc
1008 2789 1086 2845 terra3
1099 2798 1130 2832 ne
1148 2784 1226 2844 spolia

140 2854 193 2900 'nes
210 2850 322 2897 homines
332 2849 458 2909 peregrini
475 2862 528 2897 esse
543 2850 677 2899 debeamus
702 2868 784 2902 eorum
796 2855 921 2902 resideant
928 2856 993 2914 apud
1003 2854 1093 2901 incolas
1101 2854 1127 2901 et
1134 2865 1226 2913 posses·

147 2923 176 2969 in
187 2922 233 2968 bac
245 2922 325 2979 terra,
336 2919 445 2967 omnium
457 2919 549 2967 etenim
560 2923 632 2980 pater
640 2924 677 2969 est
701 2937 767 2970 sores
775 2925 846 2971 istius
854 2924 987 2982 terrae.Qui
996 2923 1071 2970 etiem
1079 2922 1114 2970 sie
1122 2920 1226 2968 abibunt

147 2989 269 3038 Abrabam
298 3001 305 3037 a
325 2987 377 3035 sive
401 2987 458 3047 quia
482 3000 568 3036 verum
591 3001 675 3036 semen
700 2992 731 3038 de
742 2992 807 3039 terra
816 2992 910 3051 AEgypti
920 2991 1016 3049 istn,ut
1026 3002 1083 3037 rasa
1094 3002 1150 3048 qua
1161 3000 1226 3036 sum·

147 3058 251 3106 Abrabae
267 3056 439 3118 peregrinetur
457 3055 483 3102 in
509 3055 673 3104 boemundo.
699 3060 785 3107 serunt
799 3059 958 3119 abAEgyptiis
973 3057 1223 3117 mutuo‚velaurea‚

147 3126 214 3174 lllud
231 3126 297 3173 enim
313 3138 400 3174 verum
416 3137 500 3172 semen
518 3125 568 3184 est,
580 3126 610 3172 de
627 3139 674 3186 quo
701 3127 795 3187 inquit,
805 3129 845 3175 vei
862 3129 976 3187 argentea
987 3126 1076 3185 quibus
1086 3125 1116 3171 ud
1127 3127 1225 3185 tempus

147 3196 243 3243 dictum
261 3195 315 3242 est:
332 3197 360 3243 in
371 3197 437 3242 ieuuc
451 3196 494 3241 erit
511 3208 587 3242 acmen
599 3198 673 3244 tuum.
699 3197 842 3255 uterentur,
856 3209 939 3244 secum
954 3194 1078 3254 auferunt,
1090 3195 1116 3241 et
1130 3194 1224 3253 deprae-

147 3263 263 3322 Denique
293 3261 336 3322 qul
364 3273 390 3309 se
416 3261 518 3319 Abrabae
551 3261 673 3308 haeredem
698 3265 788 3312 dentur
798 3264 927 3324 aegyptios.
939 3264 996 3311 Haec
1007 3275 1064 3309 vasa
1076 3261 1223 3321 acceperuut

148 3329 296 3392 agnoscebat
307 3330 359 3378 ait:
378 3330 523 3389 novennem
534 3343 585 3377 eom
596 3331 620 3376 in
631 3331 674 3377 troc
698 3333 823 3380 voluntate
840 3332 954 3390 Domini,
971 3331 996 3378 et
1011 3341 1094 3377 secum
1111 3341 1139 3375 oa
1157 3328 1224 3376 aute·

148 3405 213 3449 terro
224 3401 246 3447 et
261 3401 409 3460 percecinit«,
426 3400 484 3446 sicut
501 3411 580 3446 omncs
596 3401 675 3458 putres
698 3399 767 3457 runt,
777 3399 834 3459 quia
841 3398 1025 3446 resurrectionis
1033 3396 1077 3443 filii
1088 3395 1225 3454 sunt‚qui-

146 3469 202 3516 mei.
219 3467 265 3525 Qui
285 3468 351 3514 enim
368 3465 511 3526 peregrinus
527 3465 568 3512 bic
585 3464 673 3524 fuerit,
699 3469 744 3515 bus
752 3468 858 3513 dicitur:
868 3469 922 3513 Nun
928 3466 1010 3524 peribit
1017 3465 1112 3523 eupitius
1120 3464 1224 3522 decapite

147 3536 212 3585 civis
227 3536 254 3582 in
271 3537 332 3582 coelo
348 3535 385 3582 est
401 3547 409 3581 ε
424 3534 466 3594 qui
485 3534 568 3581 autem
584 3533 610 3579 in
629 3534 674 3581 bac
699 3535 848 3582 oestru.Vasa
858 3529 1223 3592 baeemgyptiiuederuunquae
1298 3533 1300 3536 '

146 3608 214 3653 terra
228 3615 326 3651 omnem
344 3603 431 3650 animoa
448 3614 498 3648 suaa
514 3601 674 3648 substantiam
699 3603 728 3648 de
745 3603 811 3648 terra
830 3599 971 3647 afflictionis
991 3599 1050 3648 sunt
1064 3599 1182 3646 adsumta.
1194 3599 1223 3648 et

145 3669 675 3732 constituendamputaverit‚baerediiatem·
698 3671 755 3717 sunt
776 3669 824 3716 alia
843 3680 930 3728 aurea,
950 3669 998 3717 alia
1020 3667 1148 3728 argentea,
1165 3668 1222 3729 quia

141 3752 195 3802 que
212 3732 287 3798 buius
296 3740 368 3787 terrae
383 3739 555 3799 acquirendam
566 3738 674 3785 exsulta·
699 3739 778 3786 omnis
796 3738 908 3786 creatura
923 3737 968 3786 Dei
984 3738 1061 3799 bono,
1072 3738 1097 3785 et
1114 3739 1222 3786 maxime

144 3810 228 3869 verit,
243 3821 257 3855 a
276 3808 322 3856 Dei
340 3821 414 3869 regno
433 3806 588 3855 excludetur.
604 3806 673 3855 Unde
699 3806 804 3854 bominis
813 3805 920 3854 interris
929 3806 1221 3866 praestantissima,quam

145 3878 276 3938 Apostolus
283 3878 315 3926 ad
322 3877 406 3926 fideles
417 3878 495 3937 viros,
504 3878 530 3925 et
541 3876 674 3924 civesiiie·
698 3876 828 3925 honoravit
837 3880 914 3936 Deus,
922 3878 950 3924 ut
961 3876 1124 3937 inspiraretin
1133 3876 1221 3923 taciem

144 3948 255 3998 rusalem
272 3946 339 3994 iliius
350 3959 404 4006 quae
416 3946 442 3992 in
454 3945 515 3993 coeiu
526 3945 577 4005 est,
589 3945 615 3992 et
628 3946 673 3992 Ec·
698 3948 753 4007 ejus
768 3945 881 4006 spiritum
896 3945 966 4006 vitee,
977 3947 1003 3994 et
1013 3945 1126 3994 omnibus
1141 3941 1221 4002 praeti-

144 4019 230 4068 etesiae
247 4015 311 4079 idios
327 4015 387 4066 dicit
399 4029 405 4063 :
417 4018 480 4077 Erec
493 4016 546 4076 jem
563 4017 673 4067 nonestis
697 4015 766 4064 cerei
782 4012 955 4064 animantibus.
966 4014 1023 4064 iiaee
1033 4013 1076 4060 ilia
1092 4011 1221 4058 sunt-vasa
