2752 4806
473 395 513 440 DE
534 397 711 442 rnanniso
729 398 831 442 LIBER
849 399 949 444 Utilis.
1063 404 1065 409 ⁴
1199 399 1243 450 iii

149 467 229 530 iisprr
240 467 378 522 obdormire
389 471 493 535 divinis,
502 477 561 525 dum
569 475 595 524 in
605 490 681 526 sacu-
705 478 836 538 quamdam
843 474 1018 527 fluctuantium
1027 478 1068 530 rel
1075 479 1189 531 inanium
1200 497 1242 534 ca·

135 538 681 606 ¹taribusmundanisquerequiescimus?bc-
704 546 1000 609 qitaiionum,qnodipse
1012 547 1242 605 nostriiuetitnuc·
1301 550 1303 555 ⁴

150 605 230 667 nique
260 609 417 671 posteaquam
439 619 552 673 soporem
576 613 680 661 immisit
704 613 743 662 tor
751 615 850 663 erroris.
866 615 1001 663 Considera-
1012 615 1074 676 quid
1091 617 1158 667 dicat
1171 623 1241 670 :ilc-

151 673 179 720 iu
193 675 283 737 Adam,
298 677 324 726 et
341 679 470 741 dormivit,
485 681 545 729 tunc
561 683 680 742 edificavit
704 682 765 741 bete,
779 683 875 744 inquit,
890 685 1027 744 potestatem
1040 685 1240 748 placitionem,
1327 674 1330 685 ’

150 745 267 794 Dominus
282 749 345 796 Deae
363 751 451 796 coslam
466 764 536 810 quam
553 753 636 814 sumsit
652 753 679 799 dc
703 753 725 799 ct
740 751 870 800 volatilium
880 753 945 812 cosli,
956 754 979 800 ct
996 753 1103 800 omnium
1112 750 1241 814 repentium

116 839 120 844 ·
150 812 678 880 Adamtumularem.Beraaedmcaotldixit,
702 819 1240 884 quarepuatsapcrterram-Videsqaodilie

148 881 194 929 ubi
208 882 239 930 de
253 883 365 933 mulieris
382 886 508 934 creatione
519 889 678 950 loquebatur,
702 885 749 933 tibi
756 887 874 937 tribuerit
881 887 1042 948 potestatem
1052 888 1080 936 ut
1087 887 1118 936 de
1126 888 1240 940 omnibus

147 949 212 1012 quia
221 951 248 998 in
260 952 312 1000 viro
324 954 355 1018 et
365 954 469 1003 muliere
479 956 566 1004 domus
580 957 679 1006 videtur
700 951 811 1010 iudicare
822 956 852 1004 tu
869 956 974 1020 debeas,
985 955 1137 1019 singulorum
1148 970 1240 1018 qenera

146 1018 261 1079 quadam
271 1021 345 1082 piena
360 1035 413 1070 esse
427 1022 556 1083 perfectio.
567 1025 614 1083 Qui
624 1025 678 1074 sine
700 1020 788 1079 iudicii
796 1023 833 1072 tui
845 1019 929 1071 sobria
937 1022 1082 1073 delinitione
1089 1025 1238 1076 discernere.
1337 1068 1343 1077 .

148 1100 226 1140 uxore
238 1091 288 1148 est,
299 1091 370 1151 quasi
384 1091 438 1139 sinc
448 1092 521 1140 dorno
531 1094 577 1153 sit,
588 1094 624 1141 sic
634 1094 679 1140 ba·
701 1088 804 1139 vocarit
812 1090 844 1138 ad
851 1093 877 1140 te
888 1091 1058 1152 omniailcus,
1068 1091 1180 1153 utsupra
1188 1107 1239 1143 om·

148 1154 313 1206 {ostensioni
327 1159 394 1207 enim
404 1159 443 1208 vir
460 1161 568 1220 publicis
577 1159 679 1220 oficiis,
702 1154 744 1203 nia
752 1158 861 1205 mentem
873 1159 940 1206 tuam
952 1168 1005 1208 csse
1014 1172 1182 1220 cognosceres.
1191 1162 1239 1210 Cur

147 1222 184 1273 ra
195 1227 288 1273 mulier
298 1224 440 1274 domesticis
453 1224 598 1276 ministeriis
608 1227 680 1276 habi·
702 1237 756 1285 quae
768 1223 814 1273 tibi
830 1222 921 1275 similia
936 1226 1040 1276 minime
1049 1226 1181 1289 reperisti,
1192 1229 1237 1278 ad-

147 1290 198 1340 lior
213 1292 357 1341 molimatur.
368 1294 499 1342 Considera
509 1296 568 1355 qnia
583 1309 615 1343 ex
625 1309 678 1344 cor·
701 1291 805 1342 sciscere
814 1291 859 1342 tibi
871 1297 897 1343 et
906 1294 1020 1356 copulare
1031 1295 1148 1344 voluisti?
1157 1296 1232 1362 Dedit

147 1373 211 1423 pore
221 1365 313 1411 costam
323 1363 423 1424 sumsit,
433 1375 482 1410 noa
490 1376 522 1411 ex
532 1364 613 1412 anima
623 1377 678 1425 por·
701 1358 748 1407 tibi
759 1362 826 1410 certe
838 1376 936 1413 sensum
947 1377 995 1424 quo
1006 1365 1120 1414 universa
1130 1377 1231 1426 coquos·

147 1430 258 1490 tionem
270 1431 317 1478 hoc
327 1432 378 1491 est,
388 1444 437 1478 non
447 1432 528 1480 anima
538 1440 571 1481 ex
581 1432 676 1496 anima,
698 1439 781 1490 ceres,
791 1430 817 1479 et
827 1428 858 1480 de
868 1426 971 1493 cognitis
980 1432 1118 1494 iudicares3
1129 1435 1231 1484 merito·

147 1498 194 1545 sed
205 1511 231 1546 os
242 1500 273 1547 de
283 1499 378 1547 ossibus
387 1499 449 1548 meis
459 1503 486 1548 et
494 1513 551 1550 caro
561 1501 592 1551 de
603 1514 676 1552 came
699 1509 747 1558 que
757 1494 789 1546 de
800 1496 843 1548 illo
855 1496 968 1550 ioecundo
978 1500 1087 1562 paradisi
1098 1515 1156 1562 aqro
1167 1504 1233 1562 ejec-

146 1577 205 1614 mea
216 1567 268 1614 baec
279 1567 406 1616 vocabitur
416 1568 513 1617 mulier.
698 1563 738 1612 tus
749 1579 790 1626 es,
805 1570 923 1628 quianon
937 1569 1039 1630 potuisti
1050 1583 1150 1620 servare
1160 1584 1231 1620 man·
1256 1613 1259 1621 s

126 1674 129 1678 ,
180 1637 220 1683 tii.
231 1639 293 1698 Ergo
304 1650 405 1704 causam
416 1639 529 1688 burnanae
539 1640 676 1700 generatio.
699 1632 792 1685 datum.
805 1636 903 1687 Sciebat
914 1639 981 1685 enirn
992 1637 1059 1686 Deus
1074 1651 1127 1688 esse
1144 1639 1170 1687 te
1180 1639 1232 1688 fra-

146 1702 188 1752 nts
196 1705 349 1763 agnovimus.
360 1705 409 1754 Sed
416 1707 474 1766 quia
483 1708 612 1769 plerosque
622 1723 676 1756 mo·
698 1702 787 1764 silem,
798 1705 892 1754 sciebat
900 1705 1012 1764 judicare
1021 1717 1070 1754 non
1080 1719 1165 1767 posse3
1175 1707 1232 1758 ideo

148 1772 545 1836 retquidiligentiusintuentur‚
555 1779 675 1838 quomodo
698 1770 1232 1839 dixitquasifragilioribus:ii'olithadicarc‚

146 1840 170 1889 si
181 1842 222 1889 rei
239 1843 318 1901 primo
336 1855 451 1903 magnum
469 1857 559 1893 munus
568 1844 615 1894 nei
629 1847 676 1895 fuit
696 1843 724 1887 at
738 1853 787 1888 aaa
801 1843 946 1902 Juliccmiai.
958 1846 1019 1902 erqo
1030 1843 1088 1904 quia
1104 1845 1178 1894 scirit
1189 1846 1230 1893 in-

149 1908 215 1957 circa
230 1910 355 1971 bomines,
366 1914 395 1961 ut
405 1912 431 1959 irr
442 1913 553 1973 paradiso
565 1914 675 1963 bomines
696 1908 795 1958 armum
808 1911 834 1958 tc
849 1923 902 1960 esse
913 1913 945 1959 ad
961 1911 1138 1972 judicandum,
1151 1915 1231 1963 voluit

147 1977 676 2042 collocarentur,velpopmagnofflmre.
696 1970 1231 2042 abedientemassemandat03ideopraecep-

148 2048 285 2095 muneratio
303 2049 431 2096 videretur
447 2061 500 2096 esse
518 2050 675 2109 meritorum,
697 2043 751 2094 tum
765 2044 856 2104 posuit·
871 2045 942 2103 Quod
955 2045 976 2092 ei
991 2057 1040 2092 non
1056 2046 1231 2106 prevaricatus

146 2117 177 2164 ut
187 2116 218 2163 ad
226 2116 366 2178 paradisum
372 2116 452 2175 iustus
462 2117 628 2178 unusquisque
637 2132 676 2166 ra·
697 2124 777 2172 esses,
792 2114 932 2173 periculum
947 2113 1037 2167 incerti
1053 2115 1144 2173 judicii
1163 2117 1229 2163 inci-

146 2183 246 2244 piatur,
255 2185 372 2233 dicuntur
378 2186 453 2239 etiam
459 2185 545 2234 bestia
554 2188 579 2234 et
586 2200 674 2247 pecora
697 2181 756 2229 dere
766 2182 929 2242 nequivisses·
940 2182 1026 2242 ltaque
1036 2183 1152 2244 quoniam
1160 2184 1229 2243 judi-

146 2254 215 2312 apri,
222 2254 247 2302 et
255 2254 363 2304 volatilia
371 2253 427 2302 coeli
435 2255 462 2302 in
469 2255 582 2314 paradiso
590 2255 672 2305 fuisse.
696 2262 753 2298 ΜΘ
764 2251 879 2310 illinisti,
891 2252 946 2298 id<³⁰
957 2251 1052 2305 addidit
1062 2265 1070 2297 ³
1081 2254 1141 2300 Ecce
1149 2253 1227 2301 Adam

147 2321 219 2370 vnde
233 2323 346 2384 plerique
362 2322 502 2383 paradisum
513 2325 619 2372 animam
630 2327 675 2374 ho·
697 2319 812 2377 faclasest
820 2323 1044 2380 tarnqaamaaosex
1052 2320 1127 2378 nobb,
1136 2323 1245 2374 retaciat,

146 2390 223 2439 minis
234 2405 286 2441 esse
301 2393 445 2451 voluerunt,
455 2393 482 2439 in
497 2405 546 2453 qua
555 2393 676 2442 virtutum
698 2387 784 2434 mnam
793 2391 815 2435 et
825 2390 925 2435 radam.
935 2387 1040 2435 Voluisti
1051 2388 1098 2435 tibi
1114 2400 1227 2446 arroqare

145 2458 677 2524 quaedamqerminapulluiaverintrbomi-
695 2451 830 2515 l'ffllicifflssi
849 2456 906 2504 id⁰⁰
924 2468 1022 2515 iloessam
1040 2456 1111 2515 braii
1135 2456 1226 2514 iudicii

145 2539 207 2576 uem
224 2529 308 2575 eutem
325 2530 351 2575 et
367 2522 584 2593 adoperandum,
603 2530 629 2576 et
645 2531 676 2578 ad
697 2522 805 2579 refutare
825 2537 875 2572 non
894 2524 977 2573 debes.
993 2525 1077 2572 Posuit
1097 2527 1182 2573 muron
1200 2525 1226 2574 te

145 2595 335 2644 customenaum
345 2595 486 2654 paradisum
496 2597 674 2658 assessorum,
697 2593 780 2639 contra
794 2594 949 2656 paradisum,
964 2606 996 2643 ue
1012 2594 1157 2642 memoriam
1172 2595 1227 2654 eius

123 2658 124 2662 ’
143 2664 195 2715 boc
206 2665 257 2722 est,
267 2663 376 2711 mentem
385 2663 493 2710 bominis
507 2663 579 2722 cuius
595 2667 675 2715 rirlus
696 2662 773 2726 possis
786 2663 892 2713 abolere.

144 2731 257 2785 animam
273 2731 372 2780 videtur
389 2731 520 2792 excolere,
534 2745 580 2780 nec
597 2736 675 2783 solum
727 2730 766 2776 53.
776 2730 888 2790 Denique
900 2731 962 2789 justi
973 2732 1000 2777 in
1010 2731 1150 2790 paradisum
1160 2743 1225 2790 sape

145 2799 277 2858 excolere,
295 2799 339 2847 sed
357 2800 432 2847 etiam
450 2812 506 2862 cum
525 2802 675 2864 excoluerit,
697 2797 841 2855 rapiuntur,
851 2798 916 2844 sicut
926 2799 950 2844 et
960 2799 1049 2845 Paulus
1060 2798 1190 2857 raptusest
1199 2797 1240 2846 in¹

144 2867 278 2916 custodire.
290 2861 378 2927 Bestiae
391 2866 476 2914 autem
491 2867 556 2928 agri,
568 2869 594 2916 et
608 2868 676 2918 vota.
697 2864 851 2925 paradisum,
860 2866 885 2914 et
893 2865 989 2913 audivit
997 2866 1072 2913 rerba
1080 2866 1225 2914 ineffabilia.

143 2936 201 2991 tilia
219 2935 275 2982 coeii
292 2948 346 2995 quae
362 2932 518 2983 adducuntur
535 2937 567 2984 ad
583 2931 674 2998 Adam,
696 2934 725 2981 at
743 2937 770 2981 iu
788 2933 810 2981 si
820 2945 833 2980 a
843 2935 924 2992 primo
935 2935 998 2981 coelo
1009 2934 1040 2980 ad
1050 2934 1226 2994 secundum,a
1328 2941 1331 2945 '

145 3003 224 3052 nostri
246 2999 426 3053 irrationabiles
447 3003 528 3052 motus
551 3006 622 3066 sunt3
645 3020 674 3055 ee
696 3002 802 3055 secundo
814 3001 844 3049 ad
858 3003 960 3050 tertium
971 3003 1063 3050 mentis
1077 3003 1126 3050 tuae
1140 3003 1225 3061 vigore

144 3073 213 3134 quod
225 3072 315 3132 ¹bestiae
332 3070 373 3120 vei
390 3084 492 3132 pecora,
508 3073 619 3134 quardm
637 3076 673 3123 di·
695 3070 812 3129 rapiaris,
828 3071 875 3118 hoc
887 3071 936 3131 cst,
948 3071 1013 3130 quod
1027 3071 1135 3130 primum
1149 3084 1225 3118 unus-
1297 3108 1300 3112 a

146 3152 225 3188 rersae
234 3140 283 3189 sint
300 3135 408 3200 corporis
421 3134 558 3200 passiones,
569 3142 610 3190 vei
623 3144 674 3192 tur-
695 3140 799 3199 quisque
814 3139 887 3186 borno
903 3140 941 3187 est
952 3140 1099 3198 corporalis,
1115 3140 1225 3187 secundo

146 3209 674 3271 bulentiores,veteliamlanguldiores.vo-
695 3210 1224 3270 animalis,tertiospiritaiiszsiitarapiaris

145 3278 225 3333 latilia
243 3277 327 3325 autem
337 3276 394 3324 coeii
410 3275 471 3336 quid
486 3274 554 3325 aliud
569 3280 673 3329 aestima-
695 3280 726 3336 ad
741 3280 842 3327 tertium
859 3279 961 3336 cociam,
972 3281 999 3327 ut
1010 3280 1093 3326 videas
1105 3280 1224 3339 fulgorem

145 3359 215 3406 mus,
225 3345 275 3393 nisi
281 3344 367 3393 inanes
373 3343 534 3405 capitationes
541 3359 595 3406 ques
605 3351 673 3398 velut
694 3347 779 3405 gratiae
794 3347 909 3406 spiritalis
927 3345 1053 3408 (animalis
1068 3347 1135 3394 enim
1150 3347 1223 3392 homo

145 3413 285 3475 ¹volatilium
295 3424 363 3459 more
374 3411 482 3459 nostram
498 3412 673 3465 circumvolant
696 3418 817 3474 quaesunt
832 3416 933 3476 spiritus
948 3416 995 3462 Dei
1011 3412 1106 3475 nescit)
1124 3415 1149 3460 et
1167 3414 1224 3462 ideo

144 3481 266 3540 animam,
277 3480 303 3528 et
313 3481 362 3528 buc
373 3481 446 3539 atque
456 3474 516 3527 illuc
527 3481 595 3528 vario
605 3486 673 3532 motu
695 3483 767 3542 tertii
773 3482 828 3528 coeii
838 3481 963 3528 adscensio
973 3480 1018 3526 tibi
1029 3482 1067 3526 est
1077 3479 1223 3538 necessaria,

145 3561 210 3608 sape
222 3547 370 3596 traducunt?
384 3547 514 3606 Propterea
533 3548 616 3595 nuilus
632 3551 673 3597 in·
695 3549 724 3595 ut
734 3542 837 3608 rapiaris
847 3549 873 3594 in
887 3547 1046 3607 paradisum:
1058 3546 1163 3608 rapieris
1171 3549 1223 3606 jam

143 3617 237 3666 reatus
251 3619 289 3665 esi
305 3616 384 3665 menti
394 3617 483 3665 nostrae
498 3615 587 3663 similis
603 3617 673 3676 adiu·
695 3616 748 3664 sine
758 3616 884 3677 perimis,
893 3616 922 3662 ut
933 3615 1009 3673 possis
1020 3615 1155 3679 diiudicare
1169 3627 1223 3663 om-

144 3684 194 3743 tor,
208 3683 258 3731 nisi
276 3695 374 3750 sensus,
390 3682 437 3729 boc
451 3682 502 3740 est,
518 3674 622 3734 αἴσθησις.
634 3683 673 3730 Si·
695 3685 751 3744 nia,
770 3684 828 3744 quia
842 3683 963 3747 spiritalis
986 3682 1104 3742 dijudicat
1127 3676 1221 3744 omnia,

144 3753 232 3800 miicrn
246 3746 294 3802 sibi
305 3752 383 3818 solam
391 3747 438 3805 sois
447 3749 530 3820 noster
543 3751 624 3813 potuit
632 3752 673 3800 iu-
695 3753 749 3813 ipse
767 3752 850 3800 autem
866 3765 881 3799 a
897 3751 996 3799 neruine
1014 3751 1172 3820 diiudicatur.
1190 3754 1221 3800 ut

144 3821 241 3885 venire,
305 3881 308 3887 Α
354 3881 356 3885 ¹
696 3821 796 3888 fortasse
818 3819 887 3880 quasi
912 3820 1115 3889 adhuc‘iraqiiis,
1133 3820 1218 3868 audies

174 3887 215 3936 52.
232 3881 280 3936 Sed
294 3887 356 3938 torte
366 3899 466 3950 arguas,
476 3888 534 3950 quia
547 3884 601 3939 hacc
611 3901 672 3951 quo·
695 3880 911 3938 verbaiaedabilia
921 3887 1219 3951 quaeuoniiceatbomini

142 3970 192 4018 que
209 3959 277 4017 Deus
291 3956 318 4005 in
328 3958 373 4005 tali
383 3958 494 4019 paradiso
508 3959 613 4019 locavit,
624 3959 670 4008 boc
694 3953 760 4020 ioqui
777 3971 783 4003 ε
801 3958 826 4007 et
842 3959 900 4007 tunc
918 3957 984 4018 quod
1002 3955 1124 4017 acceperis
1139 3964 1219 4002 reser-

143 4027 196 4086 at,
210 4025 335 4093 passiones
353 4025 519 4089 corporis,=et
536 4027 669 4078 radiatam
695 4018 1220 4092 vato,etquodaudisriscustodital’aulus
