2752 4806
131 390 184 442 170
519 394 650 439 seueri
669 395 845 440 lunuosll

135 474 228 522 lterum
246 474 331 522 eulisit
349 485 418 532 oa1u3
440 474 490 522 uisi
509 478 537 523 ut
555 476 669 524 advertas
694 477 776 524 oleum
785 470 1223 537 consulumquouiaterialeuoclu·

135 543 201 604 guod
221 544 313 590 bonum
334 543 475 603 sapientis,
497 546 667 604 optimumque
693 556 750 592 men
767 544 880 602 iuvetur,
898 544 925 591 et
940 543 1104 592 tenebrarum
1120 543 1224 606 fugatur

136 611 287 670 propositum
297 623 396 670 semper
408 611 455 657 sibi
467 612 543 658 eliam
553 612 615 659 alios
624 612 668 659 ad-
693 611 837 659 obscuritas.
845 611 911 669 Quid
920 611 1004 658 autem
1011 611 1091 670 magis
1100 625 1179 672 quarn
1186 613 1224 660 lu·

134 679 238 738 iungere
259 678 360 736 studet,
380 681 492 726 errantes
513 681 667 738 emendare,
693 690 750 726 men
764 679 886 726 familiare
895 678 984 727 virtuti
992 677 1045 728 esti
1055 679 1157 728 Folium
1167 692 1223 741 ergo

136 739 258 805 corrigere
268 744 403 805 remotes?
413 746 438 792 Si
450 758 524 806 quem
535 748 562 793 iu
573 747 669 806 princi·
693 749 719 794 ct
735 748 845 794 ramulus
865 746 961 806 insigne
981 746 1020 794 est
1039 748 1221 796 correctionis:

135 814 282 876 pioresilire
290 816 458 875 conspexerit,
466 816 550 864 umen
558 829 667 863 winmu-
693 815 811 861 correctio
841 815 923 862 antem
951 815 1023 876 quau
1049 815 1163 863 radicem
1185 817 1222 864 sui

135 884 205 932 nudi
220 885 276 943 ejus
292 885 318 930 ot
333 885 473 943 corrigendi
484 897 536 932 nou
553 885 667 944 desperet
692 882 864 940 poenitentium
881 883 976 942 most,
997 896 1052 944 quas
1071 885 1221 944 penitentia

134 952 282 1014 proiectum.
293 952 363 1000 Sicut
375 954 443 999 cuim
452 953 530 1001 bonus
540 953 666 1012 medicus,
691 961 741 997 nou
756 951 838 1010 polest
854 951 881 998 in
896 951 1019 1013 turbidis,
1028 953 1075 1001 sed
1088 953 1116 1000 in
1130 953 1165 1001 iis
1179 955 1222 1014 gui

135 1022 183 1069 etsi
201 1022 301 1080 tempus
312 1021 442 1069 medicine
459 1034 508 1069 nou
522 1023 569 1080 sit,
583 1022 667 1069 umen
691 1019 829 1078 spiritalem
844 1019 895 1078 iam
910 1032 1047 1069 sermonem
1061 1022 1221 1083 acceperint,

134 1089 287 1138 visitationis
303 1090 430 1150 speculam
448 1092 507 1138 aute
522 1090 665 1150 praemittit3
687 1088 838 1146 genninare.
857 1091 887 1135 ln
906 1101 950 1136 ore
967 1103 1066 1150 quoque
1086 1103 1139 1140 nou
1157 1092 1221 1141 irus·

135 1159 225 1206 deiude
231 1170 281 1206 non
287 1159 390 1218 negligit
395 1159 466 1217 juta
474 1158 667 1219 exspectationis
691 1157 844 1204 traramlas
853 1159 915 1205 oleae
924 1157 1024 1206 videtur
1037 1171 1094 1208 esse
1108 1160 1219 1222 delatus3

135 1227 268 1285 excubias,
279 1227 306 1274 et
320 1227 448 1286 paulisper
462 1226 616 1286 passionibus
627 1238 667 1272 ee·
692 1238 722 1273 eo
742 1227 809 1286 quod
827 1227 908 1275 virtus
930 1228 1097 1288 etusapientia
1117 1231 1146 1278 in
1169 1244 1221 1281 scr·

134 1297 212 1356 dous,
226 1297 354 1356 opperitur
369 1295 514 1342 facultatem
533 1294 666 1355 medendi,
691 1306 763 1341 mone
779 1294 818 1342 sui
828 1295 919 1343 lrabeat
930 1295 1120 1357 claritudinem,
1130 1298 1221 1360 etipsa

134 1378 190 1427 quae
208 1378 265 1413 cum
277 1364 461 1421 lueritoblata,
472 1375 543 1410 suam
561 1376 610 1410 non
627 1365 667 1410 iu·
691 1363 774 1409 statim
793 1364 877 1423 speeie
901 1364 986 1411 lumen
1006 1363 1061 1422 qus
1084 1365 1220 1427 effulgeat,

133 1434 251 1483 termittit
266 1435 374 1482 oilicium
387 1446 394 1480 ε
407 1433 441 1480 ita
457 1434 552 1491 ergoet
568 1433 666 1493 sapiens
690 1431 862 1478 maximecum
869 1431 971 1491 pacilica
978 1433 1221 1494 loquitur3quoulam

134 1503 218 1551 serbis
237 1515 266 1550 ac
290 1501 519 1561 disputationibus,
541 1501 666 1559 tamquam
691 1500 757 1546 bunc
768 1501 1098 1560 quoquemulumpacem
1107 1505 1221 1562 polentes

134 1571 247 1620 medicus
260 1569 461 1628 medicamentis,
477 1568 613 1615 contrarias
623 1581 667 1615 cu·
690 1567 807 1626 praeferre
814 1569 1219 1631 consueverunt'inlltramulum,

134 1651 190 1686 rare
199 1639 322 1686 desiderat
331 1637 464 1698 passiones.
474 1639 504 1685 Et
511 1637 569 1698 quia
579 1637 606 1683 iu
615 1649 666 1683 om·
690 1648 721 1683 co
729 1637 795 1696 quod
804 1637 951 1699 simplicitas
958 1638 1067 1698 puritate
1078 1651 1109 1687 ae
1117 1641 1220 1690 sinceri·

134 1706 209 1755 nibus
218 1706 330 1753 remedio
344 1705 424 1753 divini
439 1705 532 1752 lavoris
544 1705 666 1752 utendum
690 1703 741 1752 late
761 1706 857 1753 semina
876 1707 989 1767 qaudam
1008 1707 1220 1759 auribusnostrls

135 1778 187 1834 cst3
199 1776 255 1822 ideo
269 1777 365 1835 septem
381 1774 537 1834 exspectavit
547 1773 602 1821 <lies
611 1775 666 1833 qui·
690 1773 806 1820 utilitatis
813 1773 1221 1832 tutundit3etbonasdoctrimvir-

135 1842 182 1890 bus
196 1844 303 1890 mundus
318 1843 397 1891 omnis
408 1843 558 1890 describitur
568 1842 666 1888 absolu·
690 1841 752 1888 tutis
763 1841 806 1889 aut
816 1842 847 1889 ad
857 1843 1140 1906 industriamprovocat,
1150 1848 1221 1896 etiu-

134 1909 187 1969 tus,
199 1913 225 1958 et
235 1911 358 1970 operatori
366 1911 466 1970 requies
475 1910 629 1969 ministrata3
639 1912 665 1956 ut
690 1910 752 1957 vitat
763 1910 793 1957 ad
803 1911 931 1970 premium
948 1912 1019 1958 boues
1029 1911 1079 1958 sibi
1095 1916 1220 1963 mucium

55 2029 58 2035 ,
136 1980 222 2028 exilio
232 1981 333 2028 auctore
344 1981 456 2028 omnium
466 1980 607 2029 sumeretur
618 1980 666 2027 dis·
690 1977 835 2037 discipline,
847 1978 890 2026 aut
900 1979 1013 2039 gerendae
1021 1981 1188 2042 poenitentiae,
1195 1984 1221 2030 et

134 2047 228 2109 ciplina
239 2048 391 2109 operationis
400 2047 525 2099 humanm
690 2047 821 2160 sequetrrdae
841 2047 1037 2163 citruuersalonis
1056 2049 1220 2109 cupiditatem

364 2151 442 2166 -,,
691 2125 760 2170 snper
782 2126 856 2175 pecca
868 2128 915 2163 ou.

286 2206 412 2259 GAPUT
430 2205 513 2255 m
728 2181 767 2228 68.
789 2183 859 2232 Unde
880 2185 907 2232 et
931 2184 1054 2244 praeterea
1077 2188 1221 2247 cognoverit

221 2286 224 2290 1
339 2299 344 2310 ‚
690 2251 911 2312 sanctuslt'oequia
919 2252 1040 2301 deiecerit
1048 2257 1219 2314 aquaaterra,

134 2298 314 2362 ⁰⁰¹¹¹¹²¹¹²²f¹¹¹¹⁰
323 2297 408 2361 metuar
417 2295 444 2333 'd
452 2304 561 2371 ΨΜ)
571 2304 665 2342 ηὲω
690 2316 754 2364 sicut
767 2319 934 2379 scriptumest
959 2320 1168 2371 considerandum
1182 2325 1220 2372 ri-

156 2363 209 2390 cum
224 2353 288 2390 olivae
303 2361 364 2389 ramo
374 2361 397 2388 m
409 2354 519 2388 ore.rlern
532 2349 591 2386 unde
602 2360 667 2396 aquas
940 2352 948 2378 l

156 2399 253 2444 deiecisse
260 2403 664 2452 lioocognoverit:landemcureadem
690 2384 770 2458 detur·
782 2387 863 2434 Ptifflo
874 2389 983 2435 omnium
998 2390 1138 2438 secundum
1152 2392 1220 2440 litte·

156 2459 364 2506 cclumoapcssutes
373 2458 457 2506 septem
466 2458 529 2495 seruo
539 2458 611 2495 emisa
622 2467 665 2494 non
689 2458 756 2512 mm,
766 2454 824 2513 quie
836 2455 917 2515 potuit
928 2456 1067 2515 intelligere
1077 2460 1163 2506 ulrum
1173 2461 1221 2507 sie·

156 2522 243 2550 reversa
254 2513 297 2550 ⁸³¹?
689 2534 745 2568 cum
758 2536 790 2569 an
798 2523 927 2571 humidum
935 2524 1021 2572 folium
1032 2528 1099 2574 esset
1108 2528 1217 2576 allatum.

164 2592 203 2639 67.
216 2596 328 2652 Regressa
335 2596 368 2640 cst
378 2595 450 2653 igitur
462 2592 666 2640 coiuotbaodocs·
689 2591 785 2640 Deinde
807 2594 925 2653 quoniam
945 2606 996 2641 uon
1019 2594 1057 2642 est
1076 2595 1232 2653 hujusmodi.

132 2675 217 2724 perum
227 2662 314 2709 labeus
327 2662 410 2720 solium
421 2663 475 2708 olcoe
484 2693 492 2718 ,
503 2665 526 2709 ct
535 2675 629 2708 romum
641 2664 664 2708 iu
689 2661 815 2720 columbe,
825 2663 853 2709 ut
863 2664 941 2721 possit
951 2662 1046 2711 tructus
1056 2664 1165 2714 latentes
1175 2667 1218 2714 sub

134 2741 176 2776 ore
187 2743 238 2777 suo.
247 2730 301 2775 Non
310 2729 387 2775 otiose
397 2729 481 2788 posuit
489 2731 663 2789 etvesperam,
688 2741 752 2789 equa
769 2743 865 2778 eruere.
884 2732 933 2779 Sed
950 2733 1033 2779 utrum
1052 2732 1119 2780 iilud
1133 2730 1218 2782 folium

135 2799 161 2846 ot
168 2811 313 2859 regressam,
325 2798 350 2845 et
358 2798 492 2845 habentem
499 2798 560 2845 oleae
568 2798 664 2859 lolium,
688 2799 745 2845 ante
754 2799 877 2848 diluvium
887 2800 963 2848 luerit
974 2802 1105 2862 exortum,
1114 2815 1147 2850 an
1157 2805 1218 2852 tem·

135 2869 162 2916 et
171 2870 294 2916 ramulum
304 2869 331 2915 iu
342 2881 384 2915 ore
395 2881 455 2928 suo,
465 2869 494 2916 ut
502 2881 551 2915 non
558 2868 665 2928 lugiten-
688 2878 748 2925 pore
763 2867 866 2927 diluvii,
883 2869 1050 2916 contuendum
1066 2870 1177 2918 esttibi.
1193 2873 1218 2920 si

134 2936 185 2983 tem
200 2937 319 2984 virtutem
333 2936 462 2984 arbitreris
483 2936 609 2994 proiectus
627 2936 665 2983 iu·
688 2937 747 2982 aute
763 2936 901 2996 diluvium,
918 2938 957 2984 vir
970 2937 1053 2995 iustus
1066 2939 1167 2997 gaimus
1183 2940 1219 2988 est

133 3005 201 3064 turi,
218 3007 240 3053 si
256 3015 316 3065 quos
331 3005 409 3065 possit
423 3006 566 3064 acquirere3
582 3018 664 3064 neque
688 3003 797 3051 fructum
810 3005 841 3052 de
852 3005 933 3053 ueteri
945 3007 1039 3053 semine
1055 3007 1165 3068 aliquem
1180 3023 1219 3057 re-

134 3083 219 3120 rursus
227 3074 353 3133 tamquam
361 3075 414 3120 sine
423 3074 517 3120 lumine
526 3085 580 3120 eam
590 3073 664 3122 luisse
688 3074 826 3134 servatum,
836 3074 862 3120 et
869 3075 927 3121 inde
937 3074 1036 3134 collegit
1043 3076 1218 3125 misericordie

134 3152 277 3201 cognoscas,
294 3140 319 3188 et
335 3141 482 3201 quibusdam
495 3142 606 3188 tenebris
621 3155 664 3190 oc·
688 3140 785 3201 insigne
794 3141 898 3200 divinae,
910 3143 1035 3201 quodiam
1046 3143 1170 3193 diluvium
1180 3158 1219 3193 re·

135 3210 241 3269 cultam,
255 3210 299 3258 sed
308 3210 396 3258 diurno
410 3210 515 3257 candore
526 3209 662 3270 fulgentem
687 3211 819 3270 movisset,
830 3224 885 3270 quae
902 3211 1010 3258 fructum
1024 3211 1218 3273 demonstraret,

134 3281 290 3340 exspectasse
306 3292 384 3342 usque
395 3279 426 3326 ad
439 3291 551 3326 occasum
562 3280 627 3340 diei,
639 3284 664 3329 et
688 3279 728 3325 cui
747 3292 796 3328 non
813 3281 952 3339 potuissent
969 3292 1061 3328 nocero
1077 3281 1183 3329 diluvia.
1194 3283 1218 3330 si

133 3348 274 3402 slcadeum
282 3360 426 3408 regressam,
435 3348 663 3408 apudquemetiam
688 3347 777 3396 diluvii
789 3350 900 3408 tempore
914 3352 1000 3397 natum
1012 3350 1165 3411 ostiolum,
1177 3352 1220 3399 ad-

134 3417 232 3479 vesperi
253 3418 369 3466 tenebras
389 3417 481 3464 habere
501 3429 552 3464 non
571 3417 662 3477 posset.
687 3417 858 3477 restitutique
873 3418 1220 3476 justusnovasemiuamise·

133 3487 228 3534 Folium
237 3500 334 3549 quoque
342 3486 408 3547 quod
415 3497 500 3533 seeum
508 3485 607 3545 detulit,
617 3487 663 3534 etsi
686 3485 799 3535 ricordiae
813 3486 972 3535 fructificasse
988 3486 1120 3546 coelestis,
1137 3487 1166 3534 ut
1181 3500 1221 3534 ra-

133 3555 209 3604 breve
224 3557 286 3604 illud
297 3556 384 3604 folium
399 3554 517 3603 detulisse
530 3555 662 3615 videatur,
686 3554 754 3602 dices
781 3555 897 3603 arborum
926 3555 1067 3613 viverent,
1094 3556 1123 3603 et
1151 3555 1220 3616 quasi

134 3635 204 3681 spem
212 3637 298 3672 eorum
305 3637 366 3685 quos
374 3623 413 3671 sui
419 3623 554 3683 poeniteret
562 3625 662 3683 erroris,
686 3622 795 3671 resumta
809 3622 892 3670 anima
907 3621 974 3670 letus
989 3623 1161 3681 germinarent
1177 3636 1221 3671 ve·

134 3692 182 3738 etsi
199 3704 249 3739 nou
259 3705 388 3752 magnam,
398 3692 507 3751 aliquam
518 3693 603 3740 tamen
613 3694 662 3752 sig·
686 3695 779 3751 tostos,
792 3693 868 3752 atque
886 3692 913 3738 in
928 3693 1038 3738 assuetos
1052 3691 1142 3750 partus
1155 3692 1222 3740 redi·

134 3758 252 3806 nilieavit.
271 3760 366 3807 Folium
389 3760 456 3808 euim
478 3759 532 3807 sine
555 3761 662 3822 virgulto
686 3761 757 3820 rent,
769 3772 875 3820 quorum
886 3761 1007 3807 iudicium
1022 3760 1151 3818 praemissa
1163 3760 1221 3809 iolla

134 3827 662 3888 essenonpoterat.iirgoqnasigermiuantis
686 3829 890 3878 demonstrarent.
920 3830 922 3835 ’

36 3898 41 3915 “
134 3896 301 3954 correctionis,
309 3895 422 3943 licetnon
430 3897 661 3958 maguumaliquod,
717 3898 917 3946 69.Sedbocalta
925 3897 1006 3957 potius
1014 3895 1221 3955 interpretatione

133 3963 217 4012 lamen
227 3963 299 4013 rexit
308 3963 403 4025 insigne
415 3965 441 4012 et
451 3964 538 4012 lolium
549 3965 624 4025 oleae,
635 3964 662 4013 iu
687 3966 799 4026 collegit,
819 3966 877 4026 quia
900 3966 1019 4013 Dominus
1039 3966 1108 4011 Deus
1127 3966 1220 4023 noster,

133 4042 181 4094 qua
199 4031 285 4081 arbore
307 4031 371 4080 olive
392 4032 540 4094 generatur,
561 4045 593 4080 ex
612 4044 660 4094 qua
686 4034 798 4094 quamuis
810 4033 906 4081 acerbis
924 4032 1063 4094 iniquitatis
1074 4033 1173 4080 nostre
1185 4030 1221 4079 ol·
