2752 4806
482 441 501 486 Ᾰ
517 442 667 488 PAULINO
680 441 771 487 VITA·
1108 436 1162 486 xiil

86 519 214 573 sanctum
223 520 329 575 Celsum
341 520 506 589 martyrem,
520 520 568 590 qui
581 521 609 574 in
621 521 717 576 eodem
726 521 806 576 borto
813 519 918 591 positus
927 518 982 585 est,
993 533 1057 575 cum
1067 517 1162 576 sancto

86 597 231 654 Sacerdote
240 598 275 653 ad
283 598 621 667 orationemperreximus
633 603 788 670 Numquam
797 601 890 655 tamm
901 599 1161 655 illumanteaorasse

88 674 116 727 in
129 674 225 730 eodem
237 677 297 731 loco
311 679 484 746 compertum
496 677 649 732 habemus:
662 677 711 732 sed
721 679 773 733 boc
783 680 843 733 erat
851 677 962 748 signum
973 678 1087 742 revelati
1100 691 1162 734 cor-

85 753 159 820 poris
168 754 311 824 martyris,
321 769 345 809 s1
337 755 463 810 sanctus
475 755 606 811 Sacerdos
618 756 653 810 ad
662 757 767 822 locum,
779 757 814 811 ad
823 771 906 827 quem
916 771 1066 826 numquam
1080 757 1161 811 antea

85 829 190 897 iuerat,
202 835 311 888 oratum
325 833 400 888 isset.
416 835 596 904 cognovimus
605 836 697 891 tamen
715 827 902 890 acustodrbus
913 835 985 890 locr
977 848 1076 905 ipsius
1088 835 1163 904 quod

84 906 270 977 aparentibus
279 926 337 966 surs
346 911 400 966 rllrs
410 912 544 967 raditum
553 913 602 978 srt
617 927 671 969 nou
680 913 822 968 discedere
830 914 866 968 de
875 915 934 968 loco
943 913 989 967 iilo
997 926 1161 982 peromnem

82 989 291 1054 generationem
304 991 332 1044 et
342 991 505 1061 progeniem
514 1004 642 1056 suorum;
655 1004 688 1045 eo
700 991 775 1060 quod
787 991 910 1046 thesauri
923 991 1016 1061 magni
1026 990 1055 1045 in
1064 991 1162 1049 eodem
1179 1057 1184 1067 Ι

85 1066 144 1120 loco
152 1067 233 1136 posrtr
244 1069 345 1123 essent
354 1071 386 1123 Et
397 1083 463 1125 vere
472 1069 709 1138 magurtbesauri
723 1083 793 1138 quos
804 1081 858 1122 non
868 1082 974 1138 aemgo
987 1083 1077 1140 neque
1086 1069 1161 1123 tinea

84 1145 250 1200 exterminat
256 1146 447 1217 nequelures
455 1145 592 1202 effodiunt
601 1149 629 1201 et
637 1146 779 1201 linantur
771 1162 856 1217 qura
865 1148 956 1201 custos
965 1161 1061 1202 eorum
1070 1136 1162 1202 tibris·
1234 1141 1242 1151 “

84 1225 128 1276 tus
140 1226 194 1290 est,
208 1227 237 1280 et
248 1226 325 1279 locus
336 1238 434 1280 eorum
448 1225 512 1278 aula
527 1223 659 1291 coelestis,
677 1225 778 1295 quibus
790 1226 888 1280 Vicere
904 1223 1032 1282 cariscos
1048 1225 1119 1294 suit,
1132 1230 1160 1280 et

82 1302 161 1354 mori
172 1302 297 1356 luorum
306 1303 448 1356 Translato
461 1300 556 1371 itaque
564 1314 678 1370 corpore
690 1302 817 1372 lilartyris
829 1302 864 1357 ad
872 1303 1017 1357 basilicam
1025 1304 1160 1373 apostolo·

80 1388 148 1435 rum
156 1380 204 1433 ubi
213 1379 321 1448 pridem
330 1382 486 1434 sauctorum
495 1380 680 1449 apostolorum
689 1381 814 1451 reliquiae
825 1395 931 1436 summa
940 1382 1062 1437 omnium
1071 1382 1158 1439 devo·
1223 1390 1229 1402 ·’

82 1457 159 1513 tione
171 1458 303 1528 depositae
314 1457 439 1524 fuerant,
451 1472 515 1514 cum
524 1459 655 1514 tractaret
666 1458 828 1529 EpiscopuS,
839 1459 952 1532 quidam
961 1461 995 1516 de
1004 1463 1105 1531 populo
1113 1477 1161 1518 re-

82 1537 174 1605 pletus
187 1538 287 1607 spiritu
303 1537 460 1603 immundo,
477 1539 597 1594 clamare
612 1539 697 1606 coepit
709 1553 739 1593 se
754 1539 879 1610 torqueri
898 1540 933 1595 ab
953 1540 1105 1596 Ambrosio.
1122 1543 1158 1596 nt

81 1614 129 1671 ille
142 1630 289 1672 conversus
302 1616 337 1671 ad
350 1629 416 1672 eum
429 1615 487 1670 ait:
502 1636 518 1664 ι
531 1617 712 1682 Obmutesce‚
724 1617 846 1684 diabole;
859 1618 925 1689 quia
940 1633 995 1673 nou
1006 1619 1035 1673 ie
1046 1610 1157 1690 torquet

83 1714 99 1741 a
112 1693 284 1761 nrnbrosius,
302 1694 352 1751 sed
367 1693 435 1750 fides
451 1696 609 1751 sanctormn
625 1696 654 1751 ei
673 1695 776 1750 invidia
792 1697 849 1763 tua;
862 1697 994 1766 quoniam
1004 1696 1070 1752 illuc
1080 1697 1157 1753 vides

83 1794 98 1822 ι»
110 1773 277 1830 adscendere
288 1774 428 1840 homiues,
438 1774 514 1829 unde
526 1775 558 1829 tu
570 1775 693 1845 dejectus
704 1790 748 1840 es;
761 1789 826 1830 nam
841 1776 1001 1831 Ambrosius
1016 1777 1104 1833 nescii
1114 1778 1157 1832 in-

83 1872 98 1899 »
109 1851 180 1907 ilari.
191 1873 206 1900 ι
217 1855 277 1921 Quo
287 1853 374 1919 dicto,
388 1854 434 1909 ille
445 1853 495 1925 qui
504 1854 656 1921 clamabat,
669 1854 822 1920 obmutuit,
834 1856 1042 1928 prostratusque
1054 1856 1083 1913 iu
1095 1859 1155 1915 ter-

83 1944 141 1984 ram
153 1933 207 1998 ast,
218 1947 269 1987 nec
278 1933 396 2002 amplius
406 1947 504 1989 rocem
512 1947 569 2002 qua
577 1933 736 2004 obstrepere
746 1935 851 2001 posset,
861 1934 962 1991 emisit.
1152 1980 1154 1984 .

115 2014 157 2067 bt.
169 2014 303 2068 Paridem
312 2017 422 2084 tempus
431 2029 496 2069 cum
506 2015 664 2077 consulatus
675 2015 718 2070 sui
728 2017 852 2085 tempore
864 2017 1012 2086 imperator
1020 2021 1157 2078 Honorius

81 2091 111 2145 in
121 2094 190 2148 urbe
200 2093 458 2159 mediolanensium,
470 2094 632 2164 Lybicarum
642 2089 764 2149 ferarum
775 2095 920 2151 exhiberet
928 2110 1045 2164 munus,
1054 2101 1155 2171 populo

81 2173 147 2227 illuc
159 2176 354 2240 eoncumente,
368 2175 432 2229 data
449 2175 529 2243 eopia
542 2176 585 2230 est
597 2175 686 2230 missis
699 2175 833 2230 militibus
845 2175 912 2231 tunc
925 2178 959 2234 ab
971 2177 1100 2236 stilicone
1109 2195 1156 2235 co-

80 2254 149 2308 mite
159 2255 270 2309 hortatu
278 2254 387 2310 Eusebii
397 2251 536 2322 praelecti,
549 2255 582 2308 ut
594 2254 755 2309 Cresconius
768 2254 882 2324 quidam
892 2255 927 2311 de
940 2257 1059 2312 Ecclesia
1071 2267 1154 2327 rape·
1249 2309 1255 2312 .

80 2334 159 2388 retur
164 2347 173 2398 ;
185 2347 270 2403 quem
285 2332 490 2402 confugientem
507 2331 543 2386 ad
559 2334 645 2387 altare
662 2333 772 2387 Domini
792 2336 903 2388 sanctus
923 2335 1072 2404 Episcopus
1091 2350 1155 2390 cunr

70 2409 201 2477 clericis,
216 2411 264 2481 qui
278 2411 306 2465 in
319 2411 585 2480 temporeaderant,
599 2410 803 2466 defendendum
815 2411 1005 2466 circumdedit.
1016 2414 1069 2469 Sed
1078 2417 1154 2472 mul·

79 2488 169 2543 titudo
180 2489 315 2555 militum,
327 2504 390 2560 quae
402 2489 486 2544 duces
497 2501 561 2543 suos
571 2487 690 2542 babebat
702 2487 736 2543 de
748 2487 863 2556 perfidia
881 2490 1066 2558 arrianorum,
1079 2507 1153 2564 prae-

79 2567 168 2621 valuit
181 2566 327 2622 adversum
340 2580 456 2636 paucos3
474 2567 572 2636 atque,
586 2567 676 2622 ablato
693 2567 852 2633 cresconio,
866 2569 1035 2626 exsultantes
1047 2572 1082 2626 ad
1094 2588 1154 2634 ame

77 2644 269 2714 phitheatrum
280 2647 469 2710 reverterunt,
480 2645 607 2700 Ecclesiae
618 2646 723 2701 luctum
735 2660 789 2700 non
801 2647 939 2702 modicum
951 2643 1161 2721 relinquentes3‘

79 2737 144 2777 nam
157 2723 288 2778 Sacerdos
304 2724 456 2793 prostratus
471 2725 535 2779 ante
553 2725 639 2778 altare
656 2724 765 2779 Domini
777 2724 881 2780 lactum
894 2726 943 2781 diu
957 2727 1041 2783 licvit.
1056 2731 1109 2786 Sed
1124 2733 1154 2785 in

79 2801 203 2870 tempore
212 2815 276 2856 cum
288 2803 479 2868 revertissent,
489 2804 521 2858 et
529 2803 763 2858 renuntiassent··
745 2819 794 2868 us,
806 2817 822 2857 a
834 2805 935 2874 quibus
947 2803 1058 2861 fuerant
1068 2808 1153 2863 desti-

79 2880 136 2934 nati
148 2881 263 2946 milites,
274 2881 380 2935 dimissi
391 2881 515 2950 leopardi
524 2882 595 2936 saltu
604 2881 688 2936 celeri
701 2881 736 2935 ad
745 2880 873 2937 eumdem
884 2883 1006 2948 locum,
999 2899 1027 2938 m
1039 2900 1094 2955 quo
1105 2901 1152 2942 se·

79 2958 176 3015 derant
194 2960 242 3030 qui
262 2954 296 3016 de
316 2960 437 3015 Ecclesia
449 2961 670 3030 triumphabant,
689 2959 887 3016 adscendentes
900 2962 1021 3030 graviter
1038 2963 1152 3020 laniatos

78 3039 260 3110 reliquerunt.
278 3039 357 3110 Quod
372 3040 420 3095 ubi
432 3039 501 3094 nnit
517 3042 583 3095 tunc
595 3041 688 3095 stilico
700 3054 805 3106 comes,
818 3040 981 3109 poenitentia
992 3045 1082 3099 motus
1095 3049 1149 3110 est,

79 3119 117 3172 ita
130 3121 162 3173 ut
173 3134 224 3193 per
236 3121 337 3175 multos
351 3118 409 3175 dies
422 3118 593 3176 satisfaceret
610 3119 764 3185 Sacerdoti,
779 3121 808 3174 et
822 3120 937 3177 illaesum
949 3121 1062 3191 quidem
1074 3123 1151 3180 illum

77 3197 128 3268 qui
147 3199 253 3254 ablatus
270 3197 375 3265 iuerat,
392 3199 496 3254 dimisit
513 3198 582 3255 :sed
597 3199 663 3270 quia
679 3198 905 3268 gravissimorum
926 3200 1073 3256 criminum
1092 3207 1151 3259 erat

77 3290 157 3342 reus,
168 3280 197 3332 et
206 3277 286 3333 aliter
295 3278 435 3333 emendam
447 3292 502 3332 non
501 3279 633 3348 poterat
645 3277 681 3332 ad
689 3277 822 3333 exsilium
830 3277 991 3344 destinavit
999 3292 1053 3335 non
1064 3282 1151 3336 multo

77 3358 138 3426 post
148 3356 319 3426 indulgentia
331 3358 526 3428 prosequente

110 3436 153 3490 ab
169 3438 222 3491 Per
230 3435 304 3490 rdem
315 3438 423 3504 tempus
433 3450 497 3491 cum
506 3436 540 3491 ad
552 3435 685 3506 palatium
693 3436 836 3507 pergeret,
846 3450 968 3507 eumque
976 3449 1026 3506 pro
1035 3437 1094 3491 loco
1106 3437 1149 3491 ol-

76 3511 132 3568 ticii
142 3515 228 3569 nostri
237 3528 433 3584 sequeremur,
445 3514 585 3570 Tbeodulo
594 3518 661 3570 tunc
669 3517 717 3569 not
718 3516 790 3579 ario,
804 3531 854 3583 qur
846 3516 958 3582 'postea
969 3525 1075 3570 summa
1087 3530 1158 3570 cunr.

75 3593 165 3664 gratia
176 3593 681 3658 MutinensemremtEcclesram,cum
690 3608 757 3648 casu
765 3593 878 3663 quidam
886 3592 1035 3663 pedeesset
1044 3593 1150 3665 lapsus,

75 3671 160 3741 atque
174 3674 327 3742 prostratus
338 3673 443 3743 jaceret
459 3671 488 3726 in
504 3673 597 3738 terra,
617 3670 720 3726 ridenti
737 3670 840 3726 lactum
858 3685 1005 3745 conversus
1020 3675 1150 3732 Sacerdos

75 3749 115 3804 ait
128 3764 135 3802 τ
150 3770 165 3797 ι
177 3751 254 3814 Ettu
267 3750 315 3820 qui
325 3753 393 3816 stas,
405 3750 514 3807 uidene
526 3748 615 3806 cadas.
628 3771 642 3799 a
655 3751 714 3819 Quo
726 3748 814 3816 dicto,
829 3749 924 3808 statim
935 3750 1017 3824 isqui
1027 3752 1149 3825 alienum

75 3826 184 3896 lapsum
193 3827 400 3895 riserat,suum
409 3829 507 3884 doluit.

109 3909 152 3962 56.
165 3910 217 3963 Per
234 3909 307 3964 idem
318 3911 427 3979 tempus
438 3909 544 3980 Erigitil
555 3910 682 3980 quaedam
695 3910 791 3982 regina
802 3913 1069 3977 Marcomannorum,
1084 3926 1148 3967 cum

75 3984 220 4056 aquodam
229 3988 382 4043 Christiano
392 3987 467 4054 viro,
480 3988 530 4060 qui
538 3989 573 4043 ad
582 3988 658 4044 illam
669 3989 739 4046 lorte
753 3990 787 4045 de
799 3989 883 4048 ltaliae
891 3990 1017 4061 partibus
1030 3988 1150 4064 aduene-¹

74 4068 133 4130 rat,
149 4065 288 4123 referente
304 4067 356 4123 sibi
372 4066 481 4124 audiret
498 4065 600 4123 lamam
617 4067 685 4134 viri,
702 4067 809 4124 cbristo
823 4068 955 4134 credidit,
974 4067 1052 4135 cuius
1068 4067 1147 4118 illum
