2752 4806
336 401 340 407 ¹
391 383 434 427 DE
454 382 593 426 atissa
612 381 881 451 salmurensis
901 383 998 427 UNUS.
1186 384 1232 432 565

147 465 193 512 tia.
210 461 235 511 Si
250 462 360 525 pretium
376 464 482 512 moverit
499 461 609 523 piscis·,
619 476 680 512 nus·
703 463 777 524 paulo
792 474 847 524 post
856 465 961 525 poenitet
972 478 979 513 ε
991 477 1040 512 non
1054 465 1234 525 illumdlutius

147 545 222 592 quam
230 532 359 592 meliorem
369 531 463 580 adserit
471 531 593 592 inveniri,
604 531 680 581 immo
703 544 747 579 sua
757 532 947 593 intemperantia
956 532 1098 582 delectarit.
1115 537 1118 541 '

147 601 243 650 deesse.
252 601 328 658 lieri,
340 601 435 661 inquit,
447 601 595 660 tempestas,
605 599 679 647 bodio
733 598 773 647 27.
785 600 895 649 Adtende
907 601 1010 650 divitem
1025 601 1069 662 qui
1083 602 1233 652 induebatur

147 671 272 731 procella,
284 670 328 719 vix
338 669 413 717 istum
426 669 496 730 potui
506 669 626 716 latentem
637 667 680 716 de·
704 682 812 728 purpura
823 671 848 718 et
858 671 944 730 bysso,
956 672 982 719 et
992 670 1140 731 epulabatur
1149 662 1240 732 quoti-'

145 739 311 798 prehendere.
330 738 401 786 blulti
424 738 570 787 concursant
585 737 612 784 in
629 749 680 784 ma·
704 738 1127 798 diesplendide‚cujusadjannam
1137 728 1240 788 mendi-¹

146 809 211 855 cello
221 809 257 855 :si
265 810 292 857 tn
302 808 452 869 reddideris,
460 809 587 868 alterplus
596 805 678 862 dabit;
704 819 748 854 eus
757 807 800 855 ille
811 807 915 855 Lazarus
930 809 1030 867 iacebat
1043 809 1131 870 plenus
1140 809 1234 856 ulceri-

147 875 239 937 etquid
249 877 380 926 exhibebis
388 877 414 924 in
421 875 679 938 prandioslstiusvini
704 874 764 933 bus,
786 875 888 936 cupiens
902 877 1007 925 saturari
1023 890 1056 924 ex
1073 877 1112 926 bis
1131 890 1186 937 qna·
1202 878 1234 924 do

146 943 192 993 ille
202 947 290 994 natalis
300 949 351 1005 est,
362 947 417 994 baec
433 958 466 994 ex
482 946 527 993 illo
544 946 600 993 lacu
614 945 680 992 lecta
703 955 788 992 mensa
796 944 1018 993 cadebantdiritis.
1027 946 1102 992 Panlo
1111 944 1167 1004 post
1177 957 1232 992 cnm

146 1014 227 1064 ostrea
244 1028 251 1061 a
269 1015 327 1062 talis
344 1014 372 1061 tit
392 1013 424 1060 de
444 1013 547 1072 singulis
564 1012 678 1061 licitatio.
705 1013 769 1061 esset
783 1015 906 1073 mortuus,
917 1013 992 1072 coepit
1003 1026 1087 1073 rogare
1102 1013 1196 1073 positus
1206 1014 1233 1060 iu

146 1083 221 1141 Hasta
227 1082 247 1103 ’⁴
253 1084 364 1143 quadam
372 1083 477 1141 agitatur
484 1083 548 1130 inter
554 1082 680 1130 obsonato·
705 1079 814 1140 inferno,
824 1083 853 1130 ut
861 1083 1000 1130 extremum
1010 1080 1080 1142 digiti
1089 1083 1128 1129 sni
1139 1093 1233 1142 pauper

145 1163 214 1211 rem,
224 1153 249 1200 et
260 1154 392 1212 pastorem.
401 1151 523 1199 Turbatus
533 1151 625 1199 addicit
634 1163 680 1210 po·
704 1150 747 1197 ille
755 1150 782 1196 in
791 1164 878 1212 aquam
885 1151 1019 1210 intingeret
1027 1184 1035 1211 ,
1043 1150 1069 1198 et
1076 1151 1233 1210 refrigeraret

144 1220 304 1279 trimoninm,
314 1221 383 1279 rogat
397 1219 478 1268 adbuc
491 1232 538 1280 per
552 1231 613 1280 quos
622 1232 678 1268 suo-
703 1218 810 1276 linguam
829 1219 898 1280 ejus,
913 1232 968 1280 quae
987 1216 1088 1267 ardebat
1108 1217 1233 1267 incendio.

144 1300 202 1336 rum
211 1289 329 1336 bonorum
337 1289 394 1348 J'ura
402 1288 555 1337 minuantur.
702 1286 748 1334 Ubi
757 1287 1012 1348 illaecopiaeilibiillae
1020 1287 1233 1336 ebrietatesisilit

175 1356 216 1404 25.
227 1358 336 1405 (turritus
352 1358 383 1406 ad
398 1358 542 1418 coquinam,
553 1357 581 1406 st
593 1358 678 1416 ingens
701 1356 743 1414 qni
753 1355 923 1405 inebriabatur
933 1370 940 1404 r
952 1356 1061 1404 abundat
1077 1356 1122 1415 qui
1132 1355 1230 1402 mendi·
1269 1350 1274 1360 '

144 1427 276 1487 strepitus,
287 1426 315 1474 nt
326 1426 454 1487 tumultus.
469 1427 530 1474 Tota
538 1427 677 1486 exagitatur
701 1424 779 1472 sabat.
791 1425 880 1484 inipso
891 1424 1004 1473 convivio
1015 1424 1073 1470 dnm
1083 1423 1187 1482 bibunt,
1196 1423 1231 1471 si-

134 1495 254 1555 'tamilia,
265 1496 417 1544 maledicunt
423 1509 521 1555 omnes,
532 1496 598 1555 quod
607 1496 676 1543 nulla
700 1493 778 1554 tiunt3
788 1495 874 1543 etcum
883 1493 999 1542 inebriati
1008 1491 1117 1553 inerint,
1125 1493 1230 1554 amplius

145 1561 185 1610 bis
193 1564 292 1624 requies
299 1565 379 1613 detur.
389 1566 497 1613 Tandem
507 1564 638 1625 aliquando
645 1565 675 1612 da
699 1562 795 1611 bibunt.
800 1565 875 1622 Quasi
883 1563 968 1624 aperto
978 1563 1075 1624 gurgite
1083 1562 1170 1611 vinum
1177 1561 1230 1620 jam

143 1631 258 1690 requiem
268 1644 354 1692 coquo.
366 1633 445 1680 Instar
453 1634 539 1680 statua
548 1633 674 1692 pincernae
698 1645 748 1679 non
762 1631 870 1692 bibitur,
885 1632 930 1680 sed
946 1632 1229 1692 iniundilnrrpoculnm
1339 1697 1346 1704 .

145 1699 248 1748 dextera
255 1713 350 1748 summo
355 1702 412 1761 gelu
419 1701 491 1764 riget.
500 1702 545 1748 Ille
553 1701 579 1748 in
585 1700 674 1762 frigida
698 1713 747 1749 non
757 1700 866 1760 libatur,
876 1700 921 1748 sed
931 1701 1083 1749 exinanitur.

145 1768 247 1815 exercet
263 1780 364 1827 manus,
385 1769 424 1814 illi
442 1780 561 1815 marmora
579 1768 672 1816 lavant.
924 1790 988 1805 -η

144 1833 261 1882 Mundant
277 1836 421 1896 pavimenta
440 1835 499 1881 rino
516 1834 629 1895 madida,
648 1835 674 1882 et
872 1832 1001 1888 CAPUT
1010 1833 1066 1884 lx.

144 1902 223 1959 spinis
233 1905 346 1964 cooperta
353 1902 507 1962 piscium3et
517 1904 604 1963 quanti
613 1904 674 1951 dum
698 1915 745 1955 cur
765 1919 860 1965 maenae
876 1919 953 1956 vinum
969 1919 1044 1956 urbere
1057 1915 1227 1967 prohibeantur

143 1968 286 2034 ambulant,
293 1971 474 2033 'pulum-antur?
485 1972 513 2018 111
522 1972 576 2030 ipso
587 1972 674 2019 couvi.
720 1966 799 2005 Jndith
806 1970 904 2023 ieiunans
913 1968 1055 2007 Holofernem
1062 1969 1188 2007 obtruncat:
1195 1970 1228 2007 iis·
1323 1970 1326 1974 '

141 2043 183 2089 rio
196 2042 287 2090 clamor
299 2040 467 2099 epulantium,
478 2033 583 2100 gemitus
593 2052 675 2098 rapu·
720 2018 1128 2121 ffissffcgfiffmffflfffflfflm
1134 2021 1234 2112 effla}

142 2110 259 2156 lautium.
269 2107 566 2170 Siquidtortedisplicnit
574 2107 673 2165 amicis,
719 2125 828 2165 Postremo
853 2129 919 2166 varra
938 2128 1017 2175 jejunis
1038 2125 1111 2164 nude
1134 2135 1228 2166 enume-

143 2176 674 2238 illiridenttuindignaris.Sileataliquando
720 2183 805 2218 rantur.
1124 2174 1127 2179 '

144 2247 233 2298 domus
251 2259 265 2294 a
281 2247 366 2293 multis
383 2244 611 2306 perturbationibus
624 2245 673 2292 huc
727 2247 766 2294 28.
778 2245 1228 2308 Saoce,inquit,ooscmstoriomomr

144 2316 218 2375 atque
229 2316 288 2363 illuc
300 2315 505 2373 discurrentium,
521 2326 536 2360 a
551 2326 608 2362 sono
626 2313 674 2361 im·
697 2315 795 2374 ebriosi,
806 2317 864 2377 quia
875 2317 928 2377 ipse
939 2330 965 2364 se
982 2317 1097 2364 manibus
1111 2315 1162 2363 suis
1172 2317 1228 2364 rul-

144 2385 289 2432 molatorum
300 2383 458 2442 animalium,
468 2384 540 2431 vacet
550 2383 633 2442 fumo,
650 2385 675 2431 et
698 2386 783 2444 uerat,
794 2386 821 2432 et
830 2387 914 2433 ulcera
930 2386 976 2433 sibi
991 2387 1018 2433 in
1032 2387 1119 2446 pectus
1132 2384 1226 2444 dejicit.

143 2453 369 2502 semiustulatorum
377 2450 471 2500 nidore.
482 2451 534 2518 Non
544 2451 674 2510 coquinam
698 2448 1228 2514 llisspinisscinditrastimentnmfideiqnod

144 2522 189 2570 sed
201 2521 368 2586 carnificinam
381 2522 453 2580 putes
464 2533 470 2565 :
482 2519 596 2580 praelium
606 2521 673 2580 geri,
698 2523 806 2582 accepit,
826 2524 852 2571 et
871 2524 1017 2571 thesaurum
1037 2536 1109 2572 snum
1128 2514 1231 2572 servaro

144 2603 195 2638 nou
202 2591 332 2652 prandium
343 2589 440 2648 curari3
451 2588 486 2636 ita
493 2589 611 2655 sangnine
622 2601 674 2636 om·
698 2603 746 2638 uon
763 2592 863 2651 poterit.
883 2593 967 2640 Omnis
989 2593 1057 2640 enim
1075 2586 1185 2641 ebrio'sns
1201 2592 1227 2640 et

143 2660 186 2708 nia
198 2660 293 2722 natant.
698 2659 829 2708 fornicator
848 2662 945 2722 egebit,
964 2663 990 2710 et
1007 2661 1093 2710 induet
1110 2674 1136 2710 ss
1153 2661 1227 2709 scissa

174 2729 215 2778 26.
225 2730 293 2776 italae
303 2727 408 2777 dominae
416 2727 524 2777 servitur
531 2727 609 2789 gulae,
620 2741 674 2788 quae
698 2727 1042 2790 vestimentainsipientiae.Et
1051 2728 1227 2789 ideopotentes

143 2811 244 2859 semper
261 2798 374 2858 expetit,
393 2810 528 2858 numquam
549 2799 673 2857 expletur.
697 2795 784 2842 vinum
794 2798 956 2857 prohibentur
967 2799 1067 2856 bibere3
1078 2810 1110 2845 ne
1121 2809 1177 2844 cum
1187 2795 1227 2844 bi·

143 2868 210 2926 Quid
226 2870 292 2917 enim
308 2867 473 2916 insatiabilius
482 2864 585 2914 ventre?
595 2867 674 2914 llodie
698 2863 794 2926 berint,
806 2866 983 2914 obliviscantur
992 2867 1150 2926 sapientiam.

143 2936 262 2996 suscipit,
274 2937 299 2985 et
309 2948 362 2984 cras
377 2936 463 2996 erigit.
480 2936 540 2984 Cum
557 2934 675 2996 impletus
728 2933 883 2995 maenaque
891 2934 1011 2982 bibebant
1018 2934 1103 2982 vinum
1112 2931 1227 2981 inebrie-

143 3005 233 3064 iuerit‚
245 3005 422 3066 disputatrude
433 3003 585 3052 continentia
598 3017 605 3050 r
617 3018 674 3052 curn
698 3001 749 3049 tate
767 3003 894 3064 potentes,
912 3003 956 3064 qui
974 3001 1100 3050 llololemi
1119 3001 1226 3062 principi

143 3071 675 3135 digesserit,relevirtutibusdicitur,quae-
698 3072 794 3119 rnilitiae
820 3072 884 3131 regis
908 3072 1061 3134 Assyriorum
1082 3083 1108 3118 se
1128 3071 1225 3118 tradere

143 3142 178 3191 rit
188 3143 324 3189 luxuriam.
335 3142 403 3190 lnter
412 3142 500 3201 pocula
518 3141 674 3201 philosophia
697 3141 851 3200 gestiebant:
860 3141 904 3189 sed
913 3155 962 3190 non
973 3139 1073 3189 bibebat
1080 3139 1172 3188 femina
1181 3141 1226 3188 Ju-

143 3210 304 3271 praedicatur,
314 3210 380 3259 inter
388 3209 547 3270 philosophos
553 3210 612 3257 rina
622 3211 674 3257 lau·
697 3210 766 3271 ditb,
776 3210 890 3270 jejunans
897 3211 1011 3258 omnibns
1021 3209 1109 3258 diebus
1119 3209 1226 3264 viduita-

143 3277 242 3327 dantur.
259 3280 365 3339 Viqsltae,
384 3277 478 3337 inquit,
494 3281 517 3325 et
532 3277 638 3335 cbolero,
653 3280 674 3325 et
698 3279 730 3325 tis
740 3280 902 3342 suae,praeter
909 3278 1027 3326 festorum
1035 3278 1131 3325 dierum
1137 3278 1225 3324 solem·

143 3350 238 3397 tortora
255 3349 307 3396 oiro
321 3347 471 3396 insatiabili:
485 3346 630 3404 manducat,
649 3345 675 3394 et
698 3347 795 3394 nitates.
807 3347 851 3394 ilis
861 3347 935 3393 armis
945 3346 1040 3393 munita
1055 3343 1187 3404 processit,
1199 3340 1225 3388 et

698 3427 796 3462 omnem
813 3415 964 3474 Assyriorum
978 3411 1142 3467 circumvenit
1149 3422 1225 3459 exer.-

165 3507 176 3527 ³
182 3505 297 3555 Si‘pretr'srm
304 3507 393 3548 moverit,
403 3502 539 3550 subintellige
547 3506 643 3545 emicem,
651 3501 675 3539 ld
699 3481 784 3528 citum·
791 3483 870 3529 SOhffi
878 3482 961 3540 Vissffl'e
967 3480 1063 3528 ⁰⁰¹¹⁸ffli
1071 3479 1225 3544 ahstuufflff

144 3551 316 3609 'estmtpretium
324 3557 403 3596 emtori
411 3555 559 3596 cariusssum
569 3555 642 3594 tuerit.
698 3546 1225 3609 loterniscapnt,serravitpudicitiam‚vic-

165 3618 217 3660 ”Id
225 3625 255 3661 θεῖ
266 3622 348 3664 auerso,
359 3619 410 3670 quia
419 3629 496 3660 rerum
505 3619 614 3656 venalium
623 3618 674 3658 ucr-
698 3617 783 3666 toriam
796 3616 939 3678 reportavit.
952 3618 1009 3664 llaec
1018 3616 1087 3664 enim
1101 3617 1224 3664 succincta

143 3675 196 3714 tatio
209 3673 269 3714 basta
279 3675 302 3712 in
316 3675 364 3712 foro
376 3673 502 3736 positatierti
514 3673 598 3711 solebat.
608 3672 673 3712 Paulo
695 3686 792 3745 jejunio
807 3687 834 3734 m
844 3685 929 3734 castris
939 3685 1107 3746 praetffldebat
1116 3686 1221 3734 alieni&

142 3733 188 3779 post
197 3732 269 3768 autem
277 3731 441 3778 pastoremcuru
449 3729 526 3765 voertat
535 3735 600 3775 quem
608 3736 672 3774 paro-
699 3755 705 3766 .
768 3756 773 3766 .
931 3754 936 3765 .

132 3778 211 3823 ‘chum
222 3792 246 3821 ac
259 3781 396 3831 praebitorem
409 3779 517 3824 dicebant.
529 3789 581 3819 eum
596 3791 672 3828 nempe
697 3753 1223 3835 ¹¹¹0J¹¹¹⁰⁸ffl³¹¹1t⁰³l³oeb³tsmmmm·

142 3832 672 3886 quiconsivasmsusaexeipiemr.Quosemuinrra
697 3838 763 3872 rrerrs
778 3825 870 3872 sentire
883 3836 933 3871 non
947 3823 1037 3884 posset.
1055 3824 1139 3890 Itaque
1150 3823 1223 3870 unius

141 3891 323 3938 eap.lb.num.t9
336 3886 671 3937 idemabdmbrosioappellatur
696 3894 807 3943 mulieris
826 3893 953 3954 jejunium
975 3893 1116 3944 innumeros
1135 3889 1222 3938 stravit

143 3942 670 3991 irqsipcreitrundepaslnslrelrepastns,reposl
774 3967 779 3976 ·
876 3965 881 3976 ·

143 3988 222 4052 tecutis
236 3994 367 4044 temporibus
386 3995 443 4035 idem
464 3995 591 4045 significavit
607 4000 671 4045 atque
697 3965 963 4031 ⁰¹e¹⁰¹tu⁵⁸bf¹⁰¹umt
1065 4032 1070 4041 ,

143 4046 276 4088 essarrorum.
725 4037 763 4086 50.
775 4035 862 4086 Esther
878 4045 975 4101 quoque
992 4031 1100 4098 pulcrior
1110 4027 1172 4075 lacn
1184 4025 1221 4074 ost
