2752 4806
224 426 277 471 xrs
610 411 735 465 sineri
755 418 923 464 auaaosrr

224 504 365 560 servulum
373 501 583 572 recognoverat,
595 499 741 571 missisque
750 498 934 554 llediolanum
944 493 1106 548 muneribus
1115 491 1150 545 ad
1155 491 1306 547 Ecclesiam

224 595 276 652 per
291 582 393 651 legatos
408 578 569 648 postulavit,
582 580 614 633 ut
630 577 742 647 scriptis
755 576 842 645 ipsius
853 573 974 644 qualiter
986 569 1100 626 credere
1113 569 1243 635 deberet,
1257 570 1305 625 in-

224 658 400 716 formaretur.
413 657 456 712 nd
467 671 551 727 quam
562 657 609 712 ille
626 657 769 726 epistolam
787 653 854 710 fecit
871 653 1033 722 praeclaram
1052 649 1082 701 in
1100 647 1213 703 modum
1225 652 1305 704 cate-

225 739 338 805 ebismi,
351 739 379 792 in
391 753 447 809 qua
457 738 543 793 etiam
553 737 695 791 admonuit
712 739 744 790 ut
760 735 890 790 suaderet
906 733 968 788 viro
985 731 1112 785 Romanis
1129 743 1227 798 pacem
1240 744 1305 785 ser-

225 830 290 874 vare
301 833 308 872 a
321 833 376 888 qua
388 818 500 886 accepta
513 815 646 884 epistola,
665 815 766 870 mulier
779 813 867 868 suasit
878 811 952 875 viro,
971 811 1003 864 ut
1019 823 1083 863 cum
1099 809 1200 877 populo
1211 822 1262 863 suo
1273 823 1304 864 se

224 897 353 953 Romanis
369 896 501 951 traderet.
522 897 589 963 Quae
608 907 673 949 cum
690 893 810 948 venisset
830 891 1026 954 Mediolanum,
1046 889 1196 957 plurimum
1214 887 1304 942 doluit

224 976 430 1048 quodsanctum
442 973 630 1038 sacerdotem,
642 973 678 1028 ad
686 985 770 1043 quem
781 969 942 1041 festinarat,
952 969 1067 1023 minime
1073 967 1237 1038 reperisset;
1243 967 1303 1037 jam

224 1055 300 1112 enim
311 1055 345 1109 de
356 1055 408 1108 lrac
423 1055 485 1108 luce
497 1052 672 1121 migraverat.
868 1100 870 1107 .

258 1135 300 1188 57.
314 1132 493 1201 Temporibus
505 1145 570 1185 vero
582 1130 722 1194 Gratiani,
741 1132 773 1185 ut
789 1129 864 1184 retro
875 1126 1001 1192 redeam,
1019 1141 1084 1181 cum
1095 1125 1131 1180 ad
1140 1125 1302 1194 praetorium

224 1210 375 1265 blacedonii
388 1212 455 1263 tunc
472 1208 596 1278 magistri
613 1206 768 1262 officiorum
786 1205 971 1276 proquodam
989 1204 1214 1259 intercedendum
1231 1218 1301 1273 per·

223 1289 355 1352 rexisset,
368 1288 452 1357 atque
471 1301 505 1340 ex
522 1287 662 1354 praecepto
679 1285 830 1353 supradicti
848 1285 902 1338 viri
921 1283 993 1338 fores
1013 1283 1161 1337 invenisset
1177 1283 1299 1349 clausas,

225 1380 277 1422 nec
293 1366 400 1435 copiam
415 1363 590 1434 ingrediendi
607 1363 722 1432 adeptus
739 1365 827 1428 esset,
841 1363 881 1416 ait
897 1377 904 1415 :
919 1383 934 1410 «ι
946 1365 978 1416 llt
989 1365 1020 1416 tu
1033 1361 1144 1432 quidem
1160 1361 1255 1415 venies
1263 1360 1300 1415 ad

226 1465 242 1495 s
253 1445 415 1501 Ecclesiam.
427 1457 480 1498 nec
488 1444 588 1497 clausis
596 1443 689 1512 januis
698 1443 821 1498 invenies
830 1456 886 1512 qua
898 1441 1070 1510 ingrediaris.
1084 1460 1099 1487 a
1108 1439 1186 1508 Quod
1194 1438 1300 1496 factum

226 1526 284 1589 est;
296 1524 404 1577 mortuo
416 1521 491 1578 enim
501 1521 645 1586 Gratiano,
659 1519 820 1591 confugiens
837 1518 1012 1575 lfacedonius
1022 1517 1058 1572 ad
1069 1517 1233 1585 Ecclesiam,
1244 1533 1299 1590 pa·

226 1603 348 1659 tentibus
356 1601 466 1671 januis,
477 1600 588 1665 aditumu
591 1600 718 1672 reperire
730 1614 784 1654 non
795 1601 913 1670 poterat

258 1683 302 1736 58.
314 1679 363 1735 Vir
374 1680 467 1734 autem
479 1679 537 1748 ipse
547 1678 714 1734 venerabilis
723 1681 872 1748 Episcopus
884 1678 978 1733 mrrltae
985 1677 1175 1743 abstinentiae,
1187 1677 1215 1733 et
1226 1676 1298 1754 vigi·

225 1760 325 1814 liarum
336 1759 486 1813 multarum
497 1759 674 1824 elleborum,
689 1759 850 1829 quotidiano
856 1758 961 1828 jejunio
971 1771 1113 1811 macerans
1124 1771 1238 1826 corpus,
1251 1758 1297 1812 cui

223 1836 377 1906 prandendi
394 1851 544 1906 numquam
562 1837 730 1891 consuetudo
748 1836 816 1902 fuit,
835 1836 888 1890 nisi
900 1836 945 1890 die
956 1836 1077 1901 sabbati,
1092 1838 1120 1889 et
1136 1834 1296 1901 bominico,

223 1917 269 1970 rel
281 1929 344 1969 cum
355 1912 478 1969 natalitia
489 1915 735 1970 celeberrimorum
746 1918 899 1986 martyrum
910 1915 1011 1969 essent.
1022 1914 1123 1968 Orandi
1133 1915 1215 1968 etiam
1224 1915 1296 1969 assi-

224 1993 315 2048 duitas
331 2007 430 2063 magna
447 1992 493 2048 die
511 2008 544 2047 ac
561 1995 641 2048 nocte
654 2008 661 2046 z
675 2007 726 2048 nec
743 2006 854 2061 operam
872 1992 1027 2046 declinabat
1038 1991 1174 2045 scribendi
1185 1994 1296 2062 propria

224 2085 309 2126 manu
321 2073 419 2136 libros,
432 2071 485 2125 nisi
497 2084 562 2125 cum
579 2071 670 2141 aliqua
687 2069 846 2126 infirmitate
858 2084 957 2139 corpus
968 2069 1027 2138 ejus
1038 2070 1217 2125 adtineretur.
1232 2074 1296 2127 llrat

149 2197 151 2207 .
222 2150 308 2206 etiam
327 2149 356 2202 iu
380 2149 426 2203 illo
448 2148 604 2204 sollicitudo
625 2148 968 2212 omniumllcclesiarum,
990 2148 1189 2203 interveniendi
1210 2151 1295 2205 etiam

213 2242 323 2299 magna
334 2225 479 2282 assiduitas
490 2229 519 2282 ot
530 2228 690 2282 constantia.
706 2230 735 2281 lu
747 2229 831 2283 rebus
840 2227 924 2282 etiam
934 2227 1033 2281 divinis
1045 2227 1189 2295 implendis
1199 2226 1294 2284 fortis·

221 2309 323 2375 simus,
337 2309 366 2362 in
379 2309 487 2364 tanturn
498 2308 529 2362 ut
540 2307 614 2378 quod
625 2309 720 2363 solitus
731 2309 791 2363 erat
803 2307 876 2361 circa
888 2307 1065 2376 baptizandos
1079 2309 1151 2362 solus
1162 2308 1293 2378 implere,

219 2389 346 2460 quinque
356 2390 450 2457 postea
462 2387 583 2458 episcopi
594 2389 717 2458 ternpore
726 2402 782 2458 quo
791 2386 924 2451 decessit,
936 2387 982 2440 vix
992 2387 1147 2455 implerent.
1157 2388 1295 2450 Sollicitus
1343 2444 1349 2458 ,

219 2468 306 2523 etiam
316 2467 431 2521 nimium
442 2481 491 2535 pro
501 2469 669 2536 pauperibus
678 2468 706 2522 et
719 2467 836 2537 captivis
843 2482 851 2532 ;
864 2467 967 2520 namin
981 2468 1103 2534 tempore
1115 2480 1170 2535 quo
1182 2468 1292 2536 episco-

222 2559 274 2614 pus
285 2544 426 2599 ordinatus
437 2544 492 2608 cst,
506 2559 605 2598 aurum
617 2560 697 2600 omne
711 2548 794 2616 atque
806 2547 952 2614 argentum
966 2544 1039 2614 quod
1052 2544 1155 2599 babere
1167 2548 1299 2617 poterat,¹

222 2623 349 2678 Ecclesiae
357 2624 400 2677 vel
409 2623 576 2693 pauperibus
588 2624 712 2678 contulit.
724 2622 829 2678 Praedia
842 2624 925 2678 ctiam
935 2639 998 2694 quae
1009 2624 1142 2688 babebat,
1151 2628 1293 2680 reservato

220 2701 425 2758 usufructuario
431 2715 568 2771 germanae
576 2717 644 2769 suae,
654 2702 764 2758 donavit
770 2702 913 2767 llcclesiae,
925 2703 994 2757 nibil
1005 2702 1057 2757 sibi
1066 2702 1140 2772 quod
1152 2703 1198 2756 bic
1208 2718 1290 2760 suunr

218 2782 340 2847 diceret,
353 2780 547 2852 derelinquens
554 2797 562 2848 ;
573 2783 605 2836 ut
614 2781 705 2838 nudus
716 2782 800 2852 atque
808 2780 954 2850 expeditus
963 2781 1040 2834 miles
1050 2781 1186 2835 Christum
1196 2784 1292 2837 Domi-

219 2875 287 2918 num
299 2861 463 2929 sequeretur
475 2875 483 2914 z
497 2862 547 2929 qui
558 2875 626 2917 com
635 2859 711 2918 dices
720 2863 806 2923 essct,
816 2864 936 2928 propter
944 2873 996 2915 nos
1004 2872 1119 2929 pauper
1128 2860 1222 2928 sociate
1233 2867 1289 2927 est,

219 2943 317 2994 oinos
328 2939 389 3006 cp'os
398 2939 497 3006 inopte
506 2934 679 2994 ditaremur.
706 2972 707 2976 =

252 3018 295 3070 59.
309 3016 373 3070 Erat
384 3015 468 3070 etiam
479 3016 601 3085 gaudens
613 3031 676 3071 cum
687 3010 885 3088 gaudentibus,
900 3017 927 3073 et
939 3017 1008 3074 tiens
1019 3032 1083 3074 cuna
1093 3019 1236 3084 flentibus3
1250 3021 1289 3074 si·

218 3094 331 3166 quidem
343 3093 570 3164 quotiescumque
579 3095 618 3149 illi
628 3097 727 3167 aliquis
736 3098 770 3151 ob
779 3097 985 3166 percipiendam
995 3099 1187 3169 poenitentiam
1196 3099 1287 3168 lapsus

216 3186 281 3228 suos
291 3171 429 3227 confessus
441 3173 530 3238 esset,
542 3173 580 3228 ita
591 3173 690 3241 tiebat,
703 3179 734 3231 ut
743 3177 854 3231 etillum
863 3177 930 3232 llere
939 3179 1115 3247 compelleret
1123 3192 1131 3244 ;
1140 3177 1287 3233 videbatur

217 3251 292 3308 enim
302 3250 354 3306 sdri
364 3265 428 3306 cum
440 3251 550 3321 jacente
558 3253 661 3322 jacere.
674 3257 774 3310 Causas
784 3256 879 3311 autem
890 3256 1037 3310 criminum
1048 3270 1111 3326 quae
1121 3256 1159 3309 illi
1169 3256 1286 3313 confite-

217 3331 314 3397 batur,
330 3329 399 3385 nulli
417 3330 469 3385 nisi
487 3332 602 3386 Domino
619 3333 685 3399 soli,
697 3333 771 3403 apud
787 3347 871 3404 quem
890 3333 1091 3399 intercedebat,
1104 3335 1282 3405 loquebatur;

215 3414 318 3470 bonum
332 3413 493 3485 relinquens
509 3417 665 3483 exemplum
682 3416 798 3485 posteris
815 3415 1016 3481 sacerdotibus,
1038 3419 1070 3470 ut
1090 3417 1284 3474 intercessores

215 3493 289 3561 apud
299 3495 387 3548 Deum
398 3493 485 3564 magis
497 3492 567 3560 sint,
579 3506 663 3565 quam
680 3497 851 3550 accusatores
868 3494 942 3564 apud
959 3494 1091 3553 homines.
1108 3498 1177 3550 Nam
1193 3498 1222 3552 et
1236 3512 1283 3553 se-

214 3572 336 3627 cundum
348 3575 508 3643 Apostolum
519 3575 593 3630 circa
603 3577 758 3647 hujusmodi
768 3577 907 3633 bominem
919 3577 1104 3634 confirmanda
1116 3581 1215 3636 caritas
1224 3586 1282 3649 est;

213 3649 280 3720 quia
295 3650 353 3720 ipse
367 3651 410 3706 sui
421 3655 564 3708 accusator
575 3657 631 3721 est;
642 3670 694 3710 nec
705 3658 845 3725 exspectat
856 3659 1058 3724 accusatorem,
1071 3658 1121 3713 sed
1132 3663 1281 3728 praevcnit3

214 3731 247 3783 ut
257 3728 410 3785 confitendo
420 3746 501 3786 suurn
513 3734 612 3789 allevet
623 3733 681 3803 ipse
692 3734 824 3790 delictum
831 3751 839 3801 3
852 3751 887 3791 ne
904 3737 1004 3792 babeat
1017 3738 1092 3808 quod
1109 3738 1281 3797 adversarius

211 3808 384 3863 criminetur.
396 3809 514 3879 Ideoque
525 3811 666 3879 Scriptura
677 3812 744 3865 dicit
755 3828 761 3865 :
772 3817 870 3871 tostos
881 3816 913 3869 in
921 3818 1065 3886 principio
1076 3819 1218 3874 sermonis
1227 3833 1280 3876 oc·

213 3890 331 3942 cusator
339 3891 381 3942 est
389 3889 444 3943 snt.
455 3891 555 3944 Vocem
568 3889 730 3960 enimeripit
739 3891 908 3960 adversario,
921 3896 949 3949 et
957 3896 1036 3965 quasi
1043 3896 1138 3952 dentes
1148 3898 1279 3967 quosdam

211 3963 366 4034 paratusne
377 3965 497 4035 praedanr
514 3966 711 4023 criminationis
729 3968 833 4026 infestae
850 3975 1027 4040 peecatorum
1043 3988 1155 4031 suorum
1169 3976 1279 4031 contes-

210 4042 288 4100 sione
300 4041 461 4118 confringit,
473 4043 542 4100 dans
552 4044 682 4103 bonorem
695 4051 766 4114 beo,
783 4051 826 4103 cui
840 4051 913 4106 nanda
925 4056 989 4109 sunt
1001 4055 1107 4122 omnia,
1120 4058 1149 4111 et
1159 4057 1207 4127 qui
1217 4058 1277 4112 vult
