2752 4806
338 383 381 429 DE
399 382 510 429 JA'COB
526 383 568 430 ΕΤ
585 384 667 431 vina
682 386 794 432 ΒΕΔΤΑ
811 387 913 434 LIBER
930 389 965 434 11.
1098 403 1101 406 ·
1151 388 1197 439 325

117 461 310 525 derenouposse
321 465 426 525 rationi,
439 466 578 526 majoraque
586 478 644 528 pro-
667 468 719 515 ulla
729 468 862 518 offensione
876 468 904 517 in
918 469 1004 531 quavis
1018 471 1130 532 passione
1141 484 1198 523 ver·

106 532 159 581 'bas
172 534 264 594 linqua
281 535 370 582 nostrae
386 535 497 594 flagella,
515 537 642 596 quamtus
667 539 746 596 satur,
758 539 784 589 et
795 539 860 587 iutra
875 538 928 586 baec
939 551 1035 600 quoque
1046 543 1098 590 rota
1108 543 1194 592 currit.

115 603 228 651 verbera.
239 602 287 650 lios
298 602 366 650 enim
376 603 420 651 tua
430 604 534 652 verbera
545 615 595 652 nou
608 605 643 653 ti·
666 607 748 654 Currit
757 607 809 654 Lex
819 607 884 654 iutra
895 607 1012 668 gratiam,
1027 609 1054 656 et
1063 611 1196 660 observan-

115 683 225 733 memus,
242 673 271 720 tu
287 674 375 721 nostrae
390 673 457 721 vocis
477 672 573 733 flagella
592 685 642 720 nou
666 674 1109 734 tiabeglsintradivinaecurriculum
1119 679 1195 728 mise-

114 740 185 798 potes
202 741 323 790 sustinere
333 753 340 788 a
349 741 393 789 sed
410 741 463 790 baec
480 742 581 803 pietatis
598 741 642 787 iia··
666 742 777 791 ricordiae
793 743 847 790 est:
859 755 974 804 namquo
985 744 1195 808 magisvolvitur,

114 809 178 868 gella
194 811 266 870 sunt,
284 809 327 857 tua
345 809 442 870 flagella
458 809 568 868 perfidiae
580 822 587 856 t
600 809 642 857 sed
665 811 720 870 plus
730 812 856 871 probatur.
867 813 951 859 Potius
961 813 999 860 est
1015 813 1056 860 blo
1069 812 1099 860 ab
1111 815 1194 874 impiis

114 875 191 924 otiam
201 878 285 937 linqua
294 878 390 926 sublata
400 878 497 938 gravius
507 877 532 925 ie
543 890 587 925 suo
601 890 642 924 ca·
665 877 766 926 adversa
776 881 896 939 tolerare,
906 881 935 927 ut
945 880 980 928 ibi
995 892 1010 928 a
1020 880 1125 928 Domino
1136 893 1197 928 con-

114 945 174 995 dens
186 960 312 996 murmure
330 948 474 1008 flagellabit.
493 949 602 996 Evadere
616 949 641 995 te
665 947 809 995 solationem
827 948 940 996 invenire
956 949 1085 1009 possimus.
1101 950 1131 996 nt
1146 949 1195 998 isto

112 1016 197 1076 putas,
207 1016 342 1076 Antioche,
353 1016 375 1063 si
385 1028 472 1064 vocem
488 1015 596 1076 eripiasi
612 1016 642 1062 nt
666 1027 835 1064 consummans
846 1029 943 1065 cursum
954 1030 1025 1066 suurn
1034 1017 1133 1078 abrupit
1142 1018 1195 1079 spi·

112 1085 221 1133 tacentes
237 1080 313 1132 Deus'
323 1084 407 1144 audit,
426 1085 452 1132 et
468 1085 545 1142 magis
562 1082 640 1149 audii.
665 1083 753 1143 ritum,
764 1085 920 1146 animamque
931 1086 1114 1136 rictoreiiudit.

112 1154 173 1202 Ecce
185 1154 273 1214 aperui
284 1166 310 1201 os
320 1165 418 1212 meum,
433 1153 516 1200 laxavi
531 1153 640 1211 linguam
694 1148 733 1197 ll.
754 1151 860 1208 Quintus
881 1164 937 1199 cum
958 1154 1107 1214 sisteretur,
1128 1163 1192 1203 caeso

111 1234 206 1283 aucam,
217 1223 333 1271 abscinde
347 1223 457 1282 linguam
468 1222 588 1269 :sednon
599 1222 642 1269 ab·
665 1216 733 1276 prius
757 1218 840 1265 eidem
863 1220 936 1277 iussit
957 1220 1028 1280 ignes
1049 1221 1194 1283 admoveri»,

111 1291 208 1341 scindes
220 1290 396 1348 constantiam,
406 1303 457 1338 non
470 1290 589 1338 virtutem
599 1304 641 1338 au·
664 1285 753 1343 subjici
766 1285 890 1334 incendia.
902 1288 1013 1335 Manabat
1024 1301 1037 1335 e
1048 1289 1194 1339 vulneribus

96 1383 98 1387 ·
111 1359 185 1419 leros,
193 1358 641 1417 nonsationemobliterabis,noneri-
664 1366 750 1413 cruor,
761 1355 787 1403 et
797 1356 890 1403 effossis
899 1356 1038 1415 ulceribus,
1047 1358 1146 1417 sanquis
1154 1358 1193 1406 si·

111 1428 165 1488 pies
173 1427 342 1475 testimonium
351 1426 478 1485 veritatis,
488 1438 538 1472 uon
548 1427 639 1486 eripies
664 1421 731 1469 lusus
740 1422 805 1482 ipsos
812 1423 964 1470 flammarum
973 1424 1133 1482 extinguebat
1140 1427 1193 1485 qlo-

111 1496 192 1543 cordis
202 1497 341 1543 clamorem.
352 1495 377 1542 Si
390 1496 473 1554 lingua
483 1496 638 1555 amputetur,
664 1490 714 1536 bos.
724 1491 754 1538 At
762 1491 806 1537 ille
815 1491 880 1537 inter
887 1491 981 1550 ignium
989 1491 1098 1551 crepitus
1107 1494 1193 1544 audis-

111 1564 209 1624 sauguis
222 1564 350 1623 clamabit,
363 1564 388 1612 et
397 1564 495 1612 dicetur
505 1563 569 1612 tibia
583 1565 638 1614 Voc
662 1559 736 1606 batur
753 1560 838 1607 diceus
853 1572 860 1604 1
876 1560 971 1609 Gratias
987 1561 1051 1621 tibi,
1070 1563 1192 1623 Domine,

109 1635 232 1694 conquisto
242 1635 324 1693 [totns
335 1635 370 1681 lai
382 1634 470 1680 clamat
480 1634 511 1679 od
521 1635 551 1680 tc.
564 1631 638 1679 dudit
661 1628 726 1688 quod
736 1628 828 1676 dedisfi
835 1629 905 1676 nobis
913 1629 996 1677 dicere
1009 1642 1016 1676 a
1030 1632 1192 1681 mandatum

110 1700 177 1746 euim
185 1700 310 1760 sanguinis
318 1700 470 1760 rocem‚qui
481 1700 550 1748 audit
557 1696 638 1748 iuter-
659 1712 702 1757 pes·
715 1700 801 1759 ipaem.
812 1699 843 1745 st
849 1697 914 1746 sicut
921 1698 981 1745 alibi
989 1698 1056 1746 idem
1063 1698 1122 1747 tuus
1130 1699 1192 1750 dlclt

110 1769 636 1829 nascogitatioues,tcuebraelicetoperiaut,
661 1768 783 1825 Propheta
800 1779 807 1813 a
825 1769 882 1828 ipae
899 1779 942 1816 uos
959 1769 1192 1826 examinassent

109 1837 137 1884 et
156 1838 279 1896 parietum
298 1836 367 1896 septa
386 1836 546 1884 circumdent.
566 1836 638 1883 Dicat
661 1837 713 1896 ipae
722 1837 874 1884 examinatas
884 1839 1015 1896 arpentum.
1027 1837 1132 1885 Adstabo
1142 1837 1192 1887 tibi

110 1904 215 1966 impius,
226 1906 374 1965 quianullus
384 1904 432 1951 sibi
440 1904 511 1951 testis
522 1904 637 1952 adsistat=
661 1905 727 1951 sicut
743 1916 831 1951 aurum
845 1906 963 1964 purgatus
981 1905 1110 1966 inccndio,
1128 1906 1155 1955 ct
1168 1907 1191 1956 oi

111 1975 223 2033 explorat
238 1974 368 2031 universa,
378 1971 448 2020 videt
464 1973 545 2019 omnia
556 1973 637 2030 Deus3
663 1971 722 2030 quid
735 1970 783 2017 iuli
799 1972 891 2030 culpas,
903 1973 966 2030 iguis
983 1973 1087 2020 exussit.
1104 1974 1192 2035 ltaque

109 2052 157 2088 uec
167 2041 205 2088 est
217 2039 317 2100 aliquod
330 2039 426 2087 iaciuus
436 2038 500 2097 quod
510 2038 586 2099 possit
602 2038 639 2084 la-
663 2038 688 2084 et
705 2038 752 2084 istc
768 2038 953 2098 uansdguratus
968 2051 983 2086 a
1002 2040 1140 2099 corruptela
1158 2041 1191 2089 ad

109 2112 163 2157 tere
185 2110 296 2157 omnium
310 2108 436 2168 judicem,
451 2107 496 2166 qui
515 2107 639 2167 cognoscit
662 2105 887 2166 incorruptionem,
897 2106 975 2155 sitam
986 2107 1121 2156 exhalavit.
1178 2132 1181 2137 Α

111 2178 241 2239 universa,
254 2179 384 2237 antequam
401 2176 469 2224 flant.
481 2175 546 2234 Quid
561 2178 637 2225 verba
691 2172 730 2222 ts.
749 2174 824 2224 Serto
842 2187 939 2236 quoquo
955 2176 1052 2224 admota
1066 2175 1191 2225 tormenta

109 2245 212 2293 dammi
224 2247 373 2306 Loquaciora
384 2246 441 2293 suut
456 2246 560 2292 volnera
571 2245 636 2293 :etsi
661 2243 725 2291 sunt.
737 2244 768 2290 At
778 2243 822 2292 ille
835 2257 842 2290 c
854 2245 923 2305 Noli,
940 2244 1034 2305 inquii,
1046 2244 1135 2293 trustra
1150 2257 1191 2293 er·

109 2315 213 2362 vulnera
223 2315 351 2374 tegantur,
363 2312 410 2360 etsi
425 2311 588 2358 abscondatur
603 2312 637 2358 ci·
660 2324 729 2372 rara,
747 2315 774 2362 et
784 2313 832 2361 tuas
851 2314 898 2361 boc
908 2315 1047 2362 adscribere
1057 2315 1188 2375 potestati,

109 2379 637 2441 catrix,nonabscondliurfidesllectamen
660 2381 725 2441 quod
737 2382 784 2429 ista
795 2382 926 2430 adversum
937 2395 982 2430 nos
992 2395 1119 2430 exerceas.
1131 2384 1203 2431 Nos-¹

110 2452 211 2511 plaudas
220 2453 285 2512 quod
295 2449 429 2498 auterendo
442 2448 566 2508 liugnam,
578 2460 637 2496 con·
661 2450 753 2497 trorum
764 2451 811 2497 boc
825 2450 970 2498 delictorum
982 2452 1020 2499 est
1030 2450 1149 2512 pretinm,
1161 2452 1190 2500 nt

109 2516 636 2577 sessionemlaudiseripias.SatisjamDeum
660 2519 1189 2579 peccantespuniamor.atqcatissnomiuq
1285 2558 1287 2563 ,

109 2599 221 2634 sermons
243 2586 418 2644 laudavimus,
438 2595 505 2654 nuuc
523 2583 636 2643 passione
660 2587 725 2646 quod
734 2586 774 2634 bic
785 2599 800 2634 a
810 2587 997 2647 uobisduplicia
1007 2587 1189 2648 peccata⁴exi·

108 2656 247 2719 laudemus.
660 2656 768 2714 guntur,
778 2656 805 2702 ut
817 2655 851 2701 ibi
862 2655 932 2703 uobis
943 2656 1076 2703 consolatio
1092 2655 1189 2702 deiera-

137 2724 178 2774 is.
192 2725 222 2771 st
237 2725 283 2772 hoc
294 2723 419 2784 peremto,
434 2719 507 2781 iussit
521 2720 636 2782 quartum
661 2724 709 2770 tur.
729 2723 823 2771 Gratias
842 2726 926 2771 autem
942 2725 968 2772 et
984 2724 1047 2782 tibi,
1058 2725 1124 2783 quod
1138 2723 1190 2770 tam

108 2794 198 2842 vinciri
204 2795 236 2841 ad
243 2791 637 2854 rotam,uteiusaertigiuemem-
661 2791 734 2838 durus
745 2791 771 2838 et
781 2791 883 2838 immitis
895 2802 935 2850 es,
953 2791 983 2837 nt
993 2790 1083 2838 talibus
1099 2789 1189 2838 nostris

108 2863 278 2911 brisomnibus
286 2862 429 2910 solveretur.
437 2862 467 2908 dt
476 2860 519 2908 ille
527 2861 637 2908 cumton·
660 2859 787 2920 suppliciis
802 2859 920 2906 Dominus
937 2857 963 2905 in
980 2870 1054 2917 quem
1072 2858 1188 2917 peccari·

108 2929 636 2992 quereturimmauitos:Dissolvis,iuquit‚
660 2939 729 2986 mus,
745 2928 812 2986 genti
828 2927 917 2974 nostras
934 2925 1055 2985 propitius
1072 2924 1123 2972 liat.
1142 2925 1189 2974 Nos

108 3001 218 3062 corporis
227 2999 351 3058 membra,
362 2998 405 3045 sed
415 2997 526 3058 adiungis
534 2997 636 3058 matiam
660 2994 904 3056 quoqueablesamus
913 3007 1054 3055 aerumnam,
1064 2994 1122 3043 duni
1130 2994 1189 3042 ddsi
1210 3012 1216 3017 ·

56 3072 59 3077 ’
109 3068 232 3130 passioni,
253 3079 299 3114 nec
320 3066 396 3126 eripis
417 3065 531 3114 solatium
552 3067 635 3114 morti.
660 3065 812 3124 passionibus
829 3064 988 3111 delectamur.
1007 3063 1037 3110 lit
1054 3063 1101 3111 isis
1120 3064 1189 3112 duris

109 3132 172 3200 (list
180 3136 246 3184 euim
254 3147 305 3183 vox
313 3134 415 3182 tonitrui
427 3135 453 3180 in
464 3134 599 3194 rota,quia
609 3136 636 3180 in
659 3134 732 3193 atque
753 3133 847 3193 asperis
869 3131 1017 3179 dilaceratus
1037 3132 1190 3193 suppliciis,

108 3206 172 3253 bono
184 3203 210 3250 et
220 3202 337 3250 inoffenso
351 3203 409 3250 vitsc
419 3202 490 3250 istius
502 3214 576 3249 cursu
587 3214 637 3248 coe-
660 3201 785 3262 appositus
796 3202 833 3249 est
844 3200 875 3247 sd
884 3200 974 3246 iratres
984 3212 1047 3247 suos.

108 3275 171 3322 leste
177 3271 279 3321 resultat
287 3273 420 3330 oraculum,
425 3272 487 3319 siout
493 3272 519 3319 iu
524 3271 636 3318 lohanue
688 3269 728 3317 119.
741 3270 873 3328 Supererat
881 3269 965 3326 junior
976 3281 1009 3315 ex
1019 3267 1150 3327 iratribus,
1162 3269 1189 3316 et

107 3336 636 3399 otiacobosiliistonitruiresultabat*.)lta·
658 3336 1188 3396 iampudebat'dntiochumimmaturaeaetati

108 3422 158 3472 que
172 3411 233 3458 illud
250 3409 316 3469 quod
325 3409 389 3467 legi,
402 3419 468 3455 nuno
483 3407 637 3454 nrauiiestius
660 3418 687 3452 se
698 3407 732 3452 ita
742 3405 817 3452 tuisse
828 3404 945 3451 ludibrio.
961 3404 1045 3462 ltaque
1057 3403 1119 3449 dolis
1130 3415 1188 3449 eum

108 3491 252 3540 recognosco
263 3492 270 3525 ε
283 3480 343 3540 Quia
357 3480 410 3524 roto
420 3479 485 3524 iutro
493 3479 572 3524 cotom
584 3489 636 3520 oar·
661 3471 1020 3526 desiderauscireumscriberc,
1026 3470 1189 3528 pollicebatur

108 3551 155 3606 rit,
165 3561 206 3594 acc
216 3548 349 3606 impeditor.
358 3545 433 3590 'ieras
442 3543 509 3589 cuim
518 3542 571 3589 uita
582 3543 636 3588 sine
661 3543 764 3588 bonores
776 3573 783 3597 ,
804 3539 920 3598 divitias,
943 3537 1079 3585 amicitiam
1099 3551 1187 3600 suam,

661 3609 809 3657 consortium
833 3606 992 3671 secretorum.
1013 3606 1045 3654 at
1065 3619 1124 3654 vero
1145 3609 1188 3668 pia

122 3665 141 3698 .'
148 3659 354 3703 Editoribuslleued.
364 3657 466 3694 videniur
476 3658 513 3694 isia
522 3665 572 3702 quae
579 3656 637 3692 inira
660 3678 739 3725 mater
752 3676 868 3723 monebat
881 3673 960 3720 filium
970 3686 1054 3734 suum,
1065 3674 1188 3724 memet

110 3710 637 3770 parenthesiminclusimusjnveuilllachabasoper

107 3772 258 3823 propheticum
270 3768 370 3816 spiritum
386 3765 460 3803 tribui.
473 3763 515 3802 Sed
525 3764 585 3811 iuxta
600 3773 637 3801 nos
661 3744 718 3791 hnic
734 3743 797 3790 ⁵3⁰1st
813 3741 907 3789 emtis
922 3753 928 3786 ²
942 3743 1023 3790 Νεκῶ
1039 3745 1188 3803 quemadm'

51 3845 55 3848 <
108 3830 152 3864 loia
160 3823 289 3873 parenthesis
299 3824 328 3858 est
339 3818 451 3858 Ambrosii.
462 3817 547 3855 Etenim
560 3816 636 3864 quidni
660 3815 862 3860 dominatorum
879 3823 957 3858 meum
974 3813 1099 3870 introistis,
1114 3825 1187 3870 neque

107 3879 222 3919 credamus
233 3874 422 3936 ipsumprmuleru
431 3872 527 3936 ΨΜ
541 3871 636 3933 ‘¹5¹¹'P¹⁰
661 3895 700 3942 eqo
708 3878 1072 3942 1111111111111111110111,1111111
1081 3879 1186 3925 membra

107 3934 172 3971 allato
186 3938 306 3970 samonem
320 3930 420 3974 martyris
432 3927 550 3972 anooepinm
565 3929 636 3962 inien—
657 3944 1188 3967 ......---------

110 3995 223 4033 rumpere,
231 3984 356 4022 sicutaniea
369 3979 447 4018 iecerat
460 3985 494 4023 (11.
507 3976 539 4015 llll.
548 3981 555 4020 l
564 3977 590 4016 de
602 3987 636 4017 se-
683 3980 873 4026 ·Doplicio'psccolo,
881 3977 965 4026 propria
974 3977 1115 4019 nimirums
1124 3981 1186 4011 oom-

106 4032 501 4086 111111111111111011111111Ε111111111
520 4033 569 4071 cic?
661 4031 735 4069 munis
744 4030 887 4078 loliusqeuiis
1041 4079 1066 4120 Ἦ
