2752 4806
126 380 170 432 ’72
525 386 651 432 δΑΝῦΉ
671 384 845 432 sunnosll

288 458 414 517 unlus
427 460 525 514 xvll.
691 452 982 525 pellitur3ueelussravi
991 461 1101 513 filiorum
1110 462 1223 513 imberti·

139 563 170 602 Do
179 563 303 604 hirundinis
314 564 552 611 sedulitale‚iuduslrls
560 568 580 605 ei
591 565 667 612 pietate
691 534 762 612 litat?
780 532 960 612 dfflpfffflt'ssoe
975 544 1036 610 ven?
1054 531 1223 594 “pamm

160 617 251 656 saeuos.
262 617 293 655 os
307 621 432 665 pauperius
445 619 509 667 ipsius
519 627 563 666 qm
575 617 667 655 nominis
691 601 782 660 afficit,
798 602 825 649 et
841 613 931 660 ruoprae
941 600 1074 677 necessitas
1088 603 1181 678 vexat,
1196 599 1223 647 et

163 723 420 772 a,
646 674 666 708 ⁰·
1052 666 1222 796 susle

167 809 206 858 bb.
228 811 355 858 nummus
373 809 473 857 aviariae
495 809 586 857 sobolis
609 819 667 868 erga
690 804 731 851 dio
742 805 768 850 iu
775 804 873 852 fraudes
882 768 1008 852 sistemus
1019 803 1226 922 ingenium&

136 870 667 938 rultuspat'rlospsetausexemplum:accl-
691 874 772 921 tamus
789 872 921 932 affectum,
938 874 1012 933 atque
1025 873 1053 920 iu
1071 873 1174 932 gravissi

135 946 232 1006 piamus
254 957 321 993 nune
338 944 456 992 materne
476 944 618 993 sedulitatis
639 948 667 992 lu
690 942 843 1002 passionibus
853 954 923 1001 spem
931 941 1222 1003 deponimus,fraetique
1261 1000 1265 1009 Ι

137 1013 198 1063 tilios
206 1014 297 1074 grande
306 1013 492 1062 documentum.
501 1014 668 1062 llirundomi·
690 1012 772 1058 auimo
782 1009 1222 1070 resolvimur‚improridietiuertos

136 1084 239 1130 numula
250 1094 366 1142 corpore,
376 1082 420 1129 sed
430 1081 530 1142 egregie
540 1082 667 1142 piosubli·
689 1079 813 1138 iacemus,
829 1092 886 1127 cum
905 1079 935 1126 de
954 1078 1040 1127 divina
1058 1078 1221 1129 miseratione

135 1150 183 1197 nris
191 1150 298 1209 affectu,
306 1163 361 1210 quar
370 1149 454 1208 indiga
461 1162 546 1197 rerum
556 1151 666 1198 omnium
689 1147 750 1195 tunc
760 1149 907 1210 sperandum
917 1148 1022 1213 amplius
1032 1147 1065 1196 sit
1072 1181 1080 1211 ,
1088 1159 1147 1197 cum
1156 1159 1220 1210 pra·

135 1216 294 1277 pretiosiores
305 1228 364 1262 auro
373 1216 445 1263 nidos
456 1217 543 1276 struit3
561 1217 620 1277 quia
630 1230 668 1266 sa-
690 1217 752 1265 sidia
762 1218 868 1265 bumana
877 1217 1024 1267 defecerint.

134 1284 235 1346 pienter
244 1283 362 1331 nidificat.
373 1284 449 1331 Nidus
459 1284 528 1331 euim
538 1285 666 1343 sapientiae

134 1352 218 1414 potior
227 1353 265 1400 est
279 1364 348 1399 auro.
359 1351 424 1411 Quid
435 1352 502 1399 enim
516 1353 666 1414 sapientius,

135 1432 209 1481 quam
217 1422 246 1468 ut
254 1419 389 1469 etvolandi
396 1432 458 1480 vaga
464 1420 580 1469 libertate
588 1422 667 1481 potia·
824 1394 952 1449 CAPUT
967 1394 1082 1447 xvm·

135 1488 191 1547 tur,
208 1487 234 1534 et
251 1487 380 1535 homiuum
399 1487 534 1535 domiciliis
551 1489 667 1548 parvulos
690 1514 793 1557 ,mmm
803 1515 909 1554 snuuoea
923 1515 1044 1555 cornicibus
1056 1513 1222 1558 mmmm,

135 1569 193 1605 suos
202 1556 229 1605 et
245 1555 312 1604 tecto
323 1555 494 1615 commendet,
503 1556 547 1604 ubi
558 1557 665 1605 sobolem
711 1569 767 1615 cers,
775 1579 896 1617 eorumque
906 1569 1004 1606 damnari
1011 1568 1148 1616 impietatem.
1157 1570 1222 1610 sees·

135 1625 219 1674 nullus
229 1624 428 1674 incursettllam
442 1625 469 1672 et
483 1625 548 1672 illud
558 1625 596 1673 est
609 1627 666 1685 pul·
710 1622 774 1670 pitres
789 1626 810 1660 si
827 1622 907 1670 aquilas
925 1622 1070 1660 inclementias
1089 1623 1220 1672 rounam

135 1706 219 1754 erum3
230 1696 259 1743 ut
269 1706 283 1742 a
293 1694 373 1754 primo
384 1694 440 1740 ortu
455 1694 535 1753 pullos
552 1704 608 1741 suos
618 1694 665 1741 bu·
710 1675 1220 1768 Jcffldffiufflffiffiffinfffflm

135 1775 214 1811 mauae
228 1774 275 1810 usu
286 1760 479 1809 conversationis
493 1762 629 1821 assuescat,
640 1763 666 1809 et
723 1741 736 1777 ‘¹
798 1740 812 1778 Ρ
973 1753 980 1776 '
1182 1759 1188 1770 '

134 1832 236 1891 prestet
251 1831 282 1878 ab
298 1829 453 1876 inimicarum
472 1829 555 1876 avium
570 1829 665 1878 insidiis
719 1831 758 1878 ss.
769 1831 884 1879 Dlscsur
895 1830 1008 1878 homines
1019 1842 1100 1878 amare
1110 1831 1176 1880 filios
1186 1844 1221 1881 ex

135 1899 248 1947 tutiores.
266 1899 328 1946 'lum
353 1898 417 1944 illud
440 1896 598 1957 praeclarum,
617 1911 665 1959 qua
688 1911 735 1946 usu
753 1900 779 1947 et
797 1899 890 1959 pietate
909 1899 1049 1957 eoruieum,
1068 1912 1124 1958 quas
1142 1901 1220 1950 stiam

134 1968 214 2027 gratia
231 1968 316 2015 dumos
333 1966 381 2013 sibi
400 1965 454 2013 siue
477 1967 529 2013 ullo
552 1967 664 2025 adiutore
688 1967 799 2015 volantes
813 1967 876 2014 filios
893 1967 1011 2015 comitatu
1029 1967 1114 2015 sedulo
1132 1982 1220 2029 prose-

134 2039 259 2096 tamquam
273 2036 333 2084 artis
343 2035 423 2096 perita
442 2037 580 2095 componat.
595 2037 666 2096 Legit
687 2035 810 2096 quuntur;
827 2036 854 2084 et
871 2036 985 2083 sollicitae
1002 2047 1034 2083 ne
1051 2035 1143 2083 teneri
1153 2036 1221 2086 forto

901 1327 994 1347 -μιι-

135 2106 203 2152 enim
212 2105 321 2154 festucas
335 2117 393 2163 ore,
405 2117 497 2164 easque
512 2106 563 2153 luto
573 2105 663 2164 illinit,
688 2104 817 2164 deficiant,
826 2105 908 2152 eibum
916 2105 1064 2166 suggerunt,
1074 2117 1101 2151 ae
1108 2105 1220 2165 plurimo
1285 2154 1290 2161 ,

134 2175 163 2221 ut
173 2174 341 2233 conglutinare
355 2173 441 2233 possit.
452 2173 501 2220 Sed
516 2173 574 2233 quia
584 2174 663 2221 lutum
688 2173 805 2232 temporis
827 2173 954 2221 nutriendi
972 2171 1054 2220 officia
1071 2184 1122 2220 uon
1140 2175 1220 2222 reliu-

134 2241 238 2301 pedibus
254 2253 306 2288 nou
322 2242 404 2301 potest
415 2239 527 2300 deferre,
538 2243 664 2290 summita-
687 2242 775 2299 quuut.
785 2241 816 2289 ut
833 2254 893 2289 vero
908 2241 1008 2303 femiues
1026 2241 1104 2288 nostri
1116 2244 1220 2300 'generis

134 2311 185 2358 tem
195 2321 332 2370 pennarum
341 2322 410 2368 aquas
420 2307 543 2368 iufundit3
552 2311 581 2358 ut
590 2309 664 2358 facile
688 2308 736 2368 cilo
745 2310 868 2358 ablactant
877 2310 952 2358 etiam
960 2308 1016 2365 illos
1024 2322 1084 2369 quos
1092 2309 1217 2370 diligunt:

133 2377 173 2424 bis
189 2377 274 2438 pulvis
287 2376 424 2437 adhaereat,
436 2378 462 2425 et
472 2379 515 2426 fiat
530 2378 606 2426 limus
615 2392 664 2438 quo
688 2379 730 2426 aut
741 2379 762 2426 si
773 2379 875 2426 ditiores
892 2378 961 2445 suut,
977 2378 1068 2426 laetare
1078 2378 1217 2429 fastidiunt.

132 2445 254 2503 paulatim
264 2444 371 2492 festucas
381 2446 421 2492 vel
437 2447 544 2493 minutos
554 2447 664 2494 surculos
687 2447 845 2506 Pauperioros
855 2459 915 2495 vero
924 2445 1044 2503 abjiciunt
1053 2448 1182 2508 parrulos,
1191 2450 1219 2496 ot

133 2514 182 2560 sibi
193 2512 305 2572 colligat,
316 2512 388 2571 atque
396 2513 522 2561 adhaerere
530 2514 605 2563 faeiat
616 2528 623 2562 a
635 2527 663 2563 eo
688 2517 829 2575 exponunt,
848 2516 874 2563 et
896 2514 1063 2574 deprehensos
1083 2515 1216 2576 abnegant.

134 2592 224 2639 genere
242 2579 296 2626 uidi
313 2580 391 2627 totius
406 2581 523 2629 fabricam
534 2584 663 2643 struit3ut
687 2586 747 2643 lpsae
765 2597 864 2645 quoque
883 2585 987 2642 divites,
1012 2596 1045 2631 ue
1063 2597 1108 2642 per
1132 2587 1218 2645 plures

134 2649 204 2708 quasi
220 2647 358 2707 pauimenti
377 2647 429 2694 solo
445 2650 509 2711 pulli
528 2651 582 2708 ojus
598 2653 663 2699 intra
687 2665 758 2700 suum
773 2654 948 2713 patrimonium
959 2652 1097 2712 dividatur,
1107 2654 1217 2704 iuumro

134 2717 199 2764 sedes
216 2727 273 2763 suas
294 2714 348 2762 siue
366 2715 504 2764 offensione
521 2722 662 2780 versentur,
687 2723 797 2782 proprios
806 2724 896 2770 uecaui
904 2721 1018 2781 fotus,et
1026 2722 1217 2780 parricidalibus

132 2796 180 2832 nee
189 2784 280 2845 pedem
289 2783 379 2843 aliquis
389 2783 520 2833 interserat
531 2800 576 2846 per
585 2788 663 2839 rimu-
686 2792 766 2838 succis
783 2793 810 2838 iu
821 2792 874 2850 ipso
885 2791 986 2850 genitali
997 2791 1052 2837 alvo
1062 2790 1166 2851 pignora
1176 2796 1217 2841 sui

132 2854 170 2902 las
188 2854 360 2913 texturarum,
370 2854 517 2904 autteneris
534 2855 612 2918 frigus
628 2859 663 2906 ir·
687 2860 780 2907 veniris
797 2861 961 2919 extinguunt,
973 2859 1089 2920 priusque
1104 2860 1218 2910 aufertur

131 2923 212 2982 repat.
686 2928 751 2985 vita,
769 2940 842 2986 quam
852 2927 972 2974 tradatur.
991 2926 1051 2984 Quis
1061 2926 1147 2976 docuit
1164 2930 1215 2978 nisi

163 2991 202 3036 ol.
214 2990 262 3037 Sed
270 2991 318 3037 boe
328 2990 455 3039 industrias
465 2991 575 3040 officium
585 3006 661 3054 prope
686 2995 758 3041 homo
768 2995 831 3041 filios
849 2995 972 3043 abdicarit
981 2995 1041 3052 Quis
1051 2996 1146 3056 reperit
1163 2998 1215 3049 tan

133 3058 661 3109 communemultisavibus:illudverosin·
686 3063 791 3120 immitia
808 3064 906 3123 patrum
922 3064 995 3122 iurat
1008 3065 1068 3122 Quis
1085 3065 1153 3113 iuter
1169 3078 1217 3113 ua·

132 3127 229 3185 gulare,
240 3127 268 3173 in
284 3139 333 3186 quo
348 3128 386 3175 est
401 3129 519 3188 praeclara
537 3142 596 3177 eura
606 3132 661 3190 pie·
685 3132 746 3179 turae
756 3131 864 3178 fraterna
879 3134 999 3180 consortia
1008 3133 1097 3181 fratres
1108 3135 1215 3194 impares

132 3193 203 3253 tatis,
213 3195 239 3240 et
249 3193 377 3253 prudentis
386 3195 529 3244 intellectus
540 3199 566 3246 et
576 3201 660 3258 cogni·
685 3199 762 3246 fecit?
777 3201 853 3247 Unius
870 3200 954 3248 divitis
969 3202 1015 3249 filii
1026 3202 1131 3250 diversa
1147 3205 1215 3252 sorte

131 3261 501 3325 tionisinsiguo,tumquaedaru
512 3266 615 3315 medieas
623 3279 662 3315 ar·
685 3268 900 3316 causatoribus
917 3269 994 3318 totius
1011 3272 1121 3330 pateruae
1139 3273 1215 3321 sortis

130 3330 164 3378 tis
174 3330 277 3391 peritia3
287 3332 354 3392 quod
369 3333 390 3379 si
401 3345 451 3392 qua
460 3334 524 3392 pulli
534 3335 588 3393 ejus
605 3337 660 3385 fue·
685 3336 891 3396 adscriptiouibus
907 3336 1040 3385 inundatur
1051 3352 1059 3384 a
1070 3340 1135 3387 alius
1151 3351 1215 3401 opu-

131 3400 183 3447 riut
200 3401 311 3449 eaecitate
321 3401 419 3449 suffossi
436 3404 519 3450 oeulos
529 3405 582 3452 sive
593 3419 660 3453 eom·
684 3407 757 3454 lentae
774 3406 925 3453 baereditatis
940 3407 1026 3466 patriae
1037 3407 1151 3469 deplorat
1165 3421 1213 3457 ex·

130 3469 440 3529 puncti,babetquoddam
449 3473 658 3534 medendigenus‚
684 3474 1216 3537 baustumatqueinopemportionem.Num·

130 3538 658 3602 quopossiteorumlumiuainterceptousui
683 3543 743 3602 quid
751 3543 837 3589 natura
848 3542 934 3589 divisit
942 3545 1030 3590 merita
1039 3543 1213 3595 filiorumidx

131 3603 272 3651 reformare.
288 3607 365 3652 Nemo
375 3607 452 3664 igitur
462 3608 493 3655 de
504 3609 587 3669 iuopia
597 3624 659 3671 que·
683 3610 736 3670 pari
744 3610 857 3656 omuibus
866 3610 966 3671 tribuit,
976 3612 1042 3672 quod
1050 3613 1080 3660 ad
1093 3613 1213 3663 nascendi

130 3671 213 3731 ratur,
228 3671 294 3729 quod
311 3684 400 3720 vacuas
418 3677 530 3732 pecunias
547 3679 659 3736 proprias
683 3679 756 3737 atque
773 3677 875 3725 vivendi
894 3681 987 3736 possint
996 3679 1089 3727 habere
1101 3680 1214 3730 substan·

130 3738 196 3784 aedes
206 3738 343 3797 reliquerit.
354 3741 485 3799 Pauperior
495 3744 533 3790 est
543 3744 657 3805 hirundo,
683 3747 751 3794 tiam.
768 3749 822 3806 lpsa
841 3759 884 3794 vos
901 3747 988 3794 doceat
1005 3759 1054 3795 uon
1069 3748 1216 3798 disseruere

131 3816 186 3864 quas
209 3817 286 3852 vacua
312 3807 367 3853 seris
391 3807 500 3856 abundat
526 3811 656 3861 industria.
682 3815 842 3874 patrimonio,
859 3827 919 3874 quos
940 3815 1015 3863 titulo
1040 3816 1213 3876 germanitatis

131 3871 253 3932 AEdificat,
267 3885 313 3920 nec
324 3865 464 3939 impendit:
476 3877 542 3924 tecta
552 3880 654 3941 attollit,
682 3884 802 3942 aequastis.
813 3884 910 3931 Etenim
920 3885 1008 3944 quibus
1026 3885 1129 3933 dedistis
1144 3896 1214 3934 com-

131 3940 158 3987 et
167 3940 230 3989 nibil
240 3941 320 3990 aufert
329 3943 455 4002 proxim03
465 3957 510 3992 nee
521 3945 657 4006 indigentia
682 3950 789 3997 munitor
805 3961 858 3997 esse
876 3950 941 4009 quod
954 3949 1006 3996 uati
1021 3949 1089 4009 sunt,
1101 3961 1152 3997 non
1161 3950 1209 3996 de-

131 4011 159 4056 et
171 4010 316 4072 paupertate
330 4011 361 4058 ad
376 4012 514 4061 suscendum
524 4015 580 4062 aliis
591 4028 658 4064 com·
681 4016 746 4066 betis
756 4017 809 4078 bis,
817 4018 846 4065 ut
857 4017 885 4065 id
894 4017 1058 4068 communiter
1067 4018 1174 4067 babeant
1184 4017 1213 4066 lu
