2752 4806
166 387 212 436 iss
544 386 670 433 sancet
691 385 861 433 AMBROSll

166 470 275 519 Christus
290 482 303 517 a
316 468 387 516 mire
404 469 468 516 dixit
478 481 504 516 sc
515 480 567 516 esse
582 468 691 516 missum.
749 467 787 513 li.
798 469 890 515 Memor
899 478 957 527 erqo
966 465 1003 514 est
1013 463 1061 512 Dei
1072 461 1157 513 David
1164 459 1197 512 de
1205 463 1253 512 ter·

167 538 209 586 Est
219 540 244 585 et
255 538 298 585 illa
316 537 404 586 divisio
415 550 469 597 quae
486 536 609 597 colligitur
621 549 653 584 ex
664 548 693 583 eo
717 548 745 583 ra
762 535 876 584 iordanis
899 535 927 582 et
947 532 1104 582 ilermoniim
1126 544 1144 580 a
1170 535 1248 580 monte

167 607 233 664 qnod
248 607 377 665 utramque
392 605 471 666 ripam
487 605 598 653 iordanis
614 604 693 653 tribus
718 604 822 652 modico.
840 603 901 662 Quis
919 602 957 651 est
974 602 1021 649 istc
1036 613 1110 648 mons
1127 597 1249 648 modicnsi

167 676 317 723 incoluerint
326 674 480 733 ludaeorum,
490 675 606 734 quoniam
616 674 693 721 Filius
718 672 902 744 consideremus
912 683 944 718 ne
956 670 1019 717 sorte
1030 669 1156 718 divinitas
1165 670 1248 719 Christi

167 743 276 792 hominis
291 744 334 805 qui
349 744 525 804 posterioribus
542 743 693 802 temporibus
718 748 904 802 monsrnaqnus.
913 740 1025 799 Denique
1037 741 1125 788 culum
1136 742 1250 787 elisum

167 811 295 860 descendit
307 824 321 859 e
332 812 409 871 coelo,
424 824 498 859 verus
513 812 556 860 ille
566 811 692 870 iordanis,
718 811 834 869 compleo,
848 811 1035 857 diciiDominus.
1052 808 1078 856 Si
1091 820 1155 868 erqo
1164 807 1249 856 divini·

166 889 241 927 verus
251 881 294 928 ille
308 881 462 928 terrestrium
473 880 546 941 atque
557 879 692 928 coelestium
718 877 755 924 tas
763 877 852 924 Christi
862 877 931 924 mons
942 888 1045 934 maenus
1053 875 1205 934 est,utique
1214 875 1249 920 ln-

166 947 275 1009 divisor‚
287 950 465 1010 possessionem
481 949 606 996 dividuam
616 948 692 1009 patri·
718 945 827 992 carnatio
838 944 1086 1002 ejusmonsexipuus
1096 943 1248 990 estunam

166 1015 213 1063 hus
223 1016 292 1064 dedit
306 1030 399 1064 :unam
416 1031 470 1077 quae
486 1017 651 1077 possideretur
666 1017 693 1063 in
718 1025 766 1072 que
782 1025 839 1072 erqo
849 1013 972 1072 Christus,
984 1012 1010 1059 et
1021 1023 1096 1057 mons
1112 1022 1211 1069 magnus
1224 1010 1248 1057 et

166 1085 253 1143 terris,
262 1087 363 1134 alteram
371 1099 426 1146 quae
437 1085 525 1134 tuturae
533 1087 590 1134 vitae
598 1086 693 1133 meritis
718 1080 799 1128 minor
808 1094 815 1128 τ
825 1092 926 1140 magnus
934 1092 993 1127 vere
1000 1092 1011 1139 3v
1016 1079 1079 1139 quia
1090 1090 1191 1157 mamus
1200 1077 1248 1124 Do-

165 1156 314 1202 servaretur.
321 1156 428 1213 Quorum
436 1155 568 1216 utrumque
580 1154 694 1204 convenit
718 1149 800 1197 minut
817 1151 843 1198 et
860 1161 948 1209 magua
961 1149 1042 1196 Virtus
1061 1147 1123 1204 01¹1ss
1138 1160 1145 1194 ²
1159 1157 1246 1205 mmor;

166 1222 212 1269 soli
222 1223 330 1284 christo,
339 1223 379 1272 vel
393 1223 502 1271 coelestia
515 1222 641 1281 dividere,
653 1224 693 1270 vel
718 1219 777 1278 quia
788 1219 905 1278 scriptum
917 1219 953 1266 est
961 1230 968 1264 s
977 1218 1111 1265 Minorasti
1121 1231 1175 1264 cum
1183 1217 1247 1278 paulo

166 1292 263 1338 occulta
276 1291 472 1350 deprehendere.
489 1290 609 1338 Interiora
626 1290 693 1338 euim
717 1289 794 1336 minus
804 1289 834 1335 ab
844 1288 946 1347 dapalis.
958 1287 1029 1334 Unde
1041 1287 1069 1334 et
1080 1286 1167 1334 Esaias
1177 1285 1248 1334 deit:

165 1359 271 1418 dividit,
281 1361 325 1420 qui
335 1360 430 1407 occulta
441 1359 616 1419 deprehendit,
628 1357 694 1420 quod
719 1359 826 1406 Vidimus
842 1371 910 1414 enm,
920 1358 942 1403 el
958 1359 1014 1403 noa·
1025 1355 1133 1403 babebat
1143 1358 1233 1416 speciem
1239 1386 1248 1412 ,

165 1429 204 1474 ost
214 1428 299 1487 utique
310 1428 446 1475 divinitatis
457 1428 563 1486 insigne.
582 1430 693 1488 Denique
717 1440 790 1488 acque
800 1431 912 1476 dceorcrn.
924 1426 992 1474 Idem
1000 1425 1092 1473 tamen
1102 1426 1129 1474 et
1141 1435 1175 1472 ex
1188 1438 1248 1486 map-

165 1493 201 1539 sic
213 1494 289 1542 habes
297 1495 413 1553 scriptum
422 1495 479 1554 quia
490 1496 609 1543 Dominus
619 1497 692 1543 dixit:
718 1497 841 1545 nominor
851 1496 943 1555 iactus,
955 1497 980 1543 et
989 1508 1023 1543 ex
1030 1495 1136 1542 minore
1144 1508 1246 1555 magnus

165 1561 275 1609 Loeiobor
282 1564 408 1609 sidividcnn
415 1565 534 1610 sicimam.
542 1566 599 1611 llaec
608 1565 693 1611 estilla
718 1566 754 1610 Ex
771 1577 858 1625 magno
876 1565 967 1624 minor3
978 1565 1037 1623 quia
1056 1576 1121 1611 cum
1136 1563 1163 1611 iu
1181 1563 1248 1611 torma

166 1631 293 1690 magnifica
309 1631 403 1690 portio,
414 1631 570 1690 quamlacob
587 1632 693 1680 filiosuo
717 1634 763 1680 Dei
782 1634 861 1694 esset,
873 1634 1031 1692 semetipsum
1052 1633 1213 1692 exinanivit,
1226 1635 1248 1681 et

166 1700 256 1760 loseph
266 1701 458 1761 praestantiorem
468 1701 582 1748 omnibus
589 1701 693 1761 deputa·
717 1701 820 1749 formam
830 1704 895 1751 servi
907 1702 1003 1762 accepit
1013 1715 1067 1749 :ex
1079 1702 1181 1750 minore
1188 1715 1247 1762 mu·

166 1769 213 1815 vit.
221 1769 289 1816 Unde
297 1769 332 1816 ait
341 1782 348 1814 a
357 1771 408 1828 qu
417 1770 446 1816 do
457 1755 499 1815 uis
506 1770 617 1816 Sicinium
627 1784 693 1831 moq-
717 1781 777 1829 nus3
786 1771 844 1831 quia
853 1771 913 1818 dicit
920 1771 1008 1817 Daniel
1017 1782 1024 1816 a
1034 1773 1071 1818 Et
1080 1772 1144 1831 lapis
1151 1773 1247 1832 quicllat

165 1837 335 1896 nificnmsnper
342 1837 693 1898 patrocissaqnamaccepidc
717 1839 858 1898 insomnem,
868 1839 944 1898 facins
961 1840 995 1885 cal
1010 1851 1085 1886 anons
1106 1841 1246 1899 mapnaml

165 1915 239 1950 manu
253 1904 459 1962 Amorrboeoram,
475 1904 501 1950 in
513 1905 590 1963 qladio
605 1918 656 1951 cneo
671 1908 693 1952 ci
717 1908 917 1966 impleviionsncsn
927 1910 1025 1954 imam.
1037 1907 1118 1966 Lapis
1128 1907 1171 1955 hic
1182 1907 1202 1955 si
1213 1920 1246 1956 rs·

91 2023 94 2029 ,
164 1973 259 2031 auqitic.
269 1972 339 2029 Quod
349 1971 437 2018 divisio
447 1971 492 2018 soli
502 1971 606 2018 Domino
617 1972 693 2020 debe·
717 1975 860 2035 quinisquis
875 1975 920 2034 sit,
932 1987 1047 2033 agnosce.
1060 1979 1178 2037 Lapidem
1189 1992 1246 2038 quen

165 2040 222 2099 tur,
241 2054 294 2099 quae
304 2041 400 2100 Verbo,
410 2040 456 2088 hoc
472 2039 522 2099 est,
533 2039 638 2098 spiritali
650 2042 693 2088 illo
717 2044 897 2102 reprobaverant
911 2044 1067 2102 edificantes,
1080 2045 1120 2092 liic
1135 2046 1211 2105 factus
1219 2050 1246 2095 esi

166 2109 219 2156 veri
230 2109 364 2156 Salomonis
374 2109 453 2168 gladio
465 2109 692 2169 comprehenditur.
717 2112 742 2157 in
750 2115 819 2172 caput
827 2114 915 2172 capuli.
924 2112 992 2158 Idem
1001 2112 1092 2160 tamen
1100 2126 1162 2162 cum
1170 2115 1245 2165 etexi-

165 2177 231 2235 Quid
248 2179 286 2225 est
303 2175 363 2224 solii
380 2178 446 2224 Patri
464 2179 518 2225 sine
536 2178 646 2237 Christo,
661 2191 692 2226 an
718 2193 780 2239 quus
798 2180 939 2240 videretur,
954 2193 1061 2239 magnus
1078 2183 1145 2230 erat.
1162 2183 1203 2230 cni
1215 2184 1244 2230 rei

159 2245 260 2294 Christo
270 2246 323 2294 sine
333 2245 418 2293 Patre?
427 2247 536 2294 llinime.
547 2249 605 2294 Cum
614 2249 693 2295 solum
717 2250 880 2311 adstipulatur
890 2250 984 2307 Esaias,
995 2251 1086 2300 dicens
1096 2266 1103 2298 a
1112 2255 1245 2302 Puernntu

158 2314 220 2362 vdico
235 2317 345 2374 Patrem,
356 2316 446 2363 Filium
456 2329 506 2364 non
523 2328 623 2376 separo,
635 2317 692 2376 quia
717 2320 749 2365 cal
759 2319 838 2377 ιιοῐιὶι,
853 2321 875 2366 ei
890 2320 951 2377 filias
963 2321 1033 2367 dolos
1046 2324 1082 2369 eal
1092 2323 1165 2371 nobis
1172 2354 1180 2380 ,
1190 2321 1244 2382 cajus

165 2383 191 2429 iu
201 2384 259 2431 sinu
267 2387 293 2432 et
303 2385 397 2433 secreto
406 2385 484 2432 Patris
493 2384 570 2432 Filius
580 2385 692 2432 esttum
716 2388 810 2434 initiam
819 2401 888 2448 snper
897 2388 1004 2451 inumeroa
1016 2388 1071 2446 eius
1076 2422 1088 2447 „
1096 2393 1122 2438 ci
1134 2391 1244 2440 oocohtru

164 2453 241 2500 solum
250 2453 412 2513 Filiumdico‚
424 2456 449 2503 et
459 2455 555 2501 Patrem
564 2453 648 2514 jungo,
658 2455 692 2500 si·
716 2457 797 2515 muqni
812 2457 901 2504 consilii
915 2455 1026 2515 Anqelus.
1043 2457 1142 2505 Omnia
1158 2459 1244 2518 propter

165 2523 208 2569 cut
216 2522 299 2580 junxit
317 2524 342 2570 et
357 2524 434 2571 Filius
449 2523 533 2571 dicens
543 2537 549 2569 ι
558 2526 617 2571 Ecce
629 2527 692 2572 venii
716 2523 741 2568 te
749 2523 865 2572 Christus.
874 2523 946 2582 Lapis
954 2525 1058 2582 propter
1068 2526 1094 2572 te
1103 2527 1152 2584 ‚ut
1160 2528 1189 2574 tu
1198 2525 1243 2573 edi·

164 2591 260 2648 lucrant
267 2606 303 2639 me
310 2595 384 2640 solnm
394 2595 532 2652 relinquatis
540 2608 548 2640 .·
555 2593 594 2642 scd
601 2607 692 2642 nonae·
716 2591 809 2649 ficetis3
820 2604 890 2638 mons
900 2592 999 2651 propter
1010 2593 1037 2639 te
1047 2626 1056 2652 ,
1068 2595 1100 2642 ut
1113 2596 1146 2642 tu
1157 2596 1242 2644 adseen

164 2659 213 2716 lus,
221 2661 332 2719 quoniam
343 2663 416 2707 Pater
426 2673 515 2707 mecam
530 2663 572 2708 eat.
583 2660 623 2708 Sic
634 2673 691 2721 ergo
716 2660 767 2708 das.
779 2661 904 2708 Adscende
915 2673 971 2718 ergo
981 2674 1061 2720 super
1071 2664 1241 2725 montem,qni

93 2772 94 2777 ,
164 2726 190 2773 et
197 2728 267 2774 Pater
274 2727 339 2774 solus
347 2727 442 2787 beatus,
450 2727 476 2774 et
485 2727 550 2774 solus
558 2729 644 2788 potens
652 2729 691 2775 di·
716 2730 824 2777 coelestia
841 2730 914 2788 petis.
926 2731 984 2777 ldeo
994 2730 1139 2780 inclinavit
1149 2734 1241 2791 coelum,

163 2795 240 2856 citur3
252 2798 280 2844 ut
288 2798 318 2844 ab
331 2809 360 2845 eo
368 2798 443 2845 Filius
454 2810 502 2844 non
513 2799 689 2858 sequestretur,
715 2798 743 2844 ut
758 2798 786 2844 tu
802 2810 867 2845 esses
885 2798 1002 2858 vicinior3
1023 2798 1084 2846 ideo
1106 2802 1240 2849 surrexitin

163 2864 206 2924 qui
218 2866 243 2911 in
260 2867 331 2914 Patre
341 2878 438 2927 semper
448 2869 494 2915 est.
506 2868 619 2926 Denique
627 2880 690 2927 prae-
714 2866 835 2914 verticem
844 2865 948 2925 montis,
958 2867 1021 2914 uite
1032 2867 1165 2918 elevaret.

164 2933 228 2980 clare
239 2934 360 2983 lohannes
373 2950 380 2982 ε
396 2939 425 2984 ln
433 2938 548 2998 principio
566 2940 618 2983 erat
629 2939 690 2985 Ver·
745 2935 783 2982 l8.
794 2937 845 2981 Non
856 2935 980 2983 immerito
991 2948 1052 2996 ergo
1063 2938 1177 2998 abyssus
1183 2940 1240 2999 abys·

164 3001 231 3058 bam,
243 3003 287 3050 sed
297 3005 350 3052 sine
364 3006 435 3052 Paire
445 3017 494 3051 non
505 3003 566 3050 erat.
578 3004 609 3050 Et
623 3005 689 3053 Deus
714 3010 768 3050 sum
777 3005 920 3063 invocabat3
933 3006 961 3052 ut
971 3005 1019 3053 iste
1028 3018 1107 3054 mons
1118 3009 1191 3058 tieret
1199 3008 1241 3056 exi·

120 3103 123 3110 .
163 3069 234 3115 Pater
251 3073 316 3128 erat,
335 3072 378 3118 sed
392 3072 445 3119 sine
463 3073 544 3119 Verbo
555 3083 605 3119 nan
616 3074 687 3121 orat:
713 3085 788 3132 quus,
807 3073 838 3119 de
857 3084 905 3132 quo
923 3073 1048 3132 Propheta
1066 3076 1111 3123 ait
1128 3090 1136 3123 a
1153 3079 1240 3138 Atym

163 3136 220 3210 quia
232 3139 334 3186 Verbum
344 3143 395 3187 erat
406 3142 467 3200 apud
477 3143 562 3188 Deum.
714 3141 821 3198 abyssum
842 3142 932 3188 insoocal
948 3142 974 3187 in
991 3155 1049 3190 voce
1067 3148 1239 3196 cataractam

193 3204 231 3252 ro.
250 3207 306 3254 llaec
322 3207 412 3254 Sicima
427 3208 534 3255 Ecclesia
551 3208 597 3256 ost.
608 3209 687 3268 Ipsam
713 3209 816 3255 inarum.
833 3209 885 3255 Non
900 3209 1052 3267 prevalebat
1071 3215 1154 3262 vetus
1170 3216 1241 3263 ‘lesta-

161 3274 229 3322 enim
250 3276 325 3335 elegit
343 3276 468 3335 Salomon,
484 3273 554 3333 cujus
569 3277 687 3324 latentem
713 3276 823 3323 mentum
831 3276 861 3323 ad
869 3277 939 3324 istius
948 3279 1036 3325 mnndi
1044 3281 1239 3331 redemtionem

161 3344 276 3392 distinxit
291 3345 414 3393 allectum.
432 3346 489 3392 llaec
507 3345 595 3392 Sicima
612 3347 687 3394 illaria
712 3343 857 3404 invocabat,
868 3346 894 3392 et
903 3347 972 3405 quasi
982 3347 1015 3393 ad
1025 3350 1162 3399 auxilium
1175 3365 1241 3400 arces·

162 3413 213 3470 cst,
232 3412 302 3470 cuius
313 3415 418 3460 animam
434 3414 528 3473 gladius
538 3414 584 3461 Dei
600 3416 687 3463 transii
712 3413 780 3460 sebat
798 3427 888 3461 novum
906 3414 1112 3466 Testamentum.
1129 3421 1241 3468 Clamabat
1284 3432 1286 3437 ·

161 3481 188 3527 et
197 3481 294 3530 dividit.
305 3484 362 3529 llaec
373 3483 463 3530 Sicima
474 3484 512 3530 est
522 3483 685 3544 adscendens,
711 3483 763 3529 Lex
771 3484 920 3531 annuntians
928 3485 1109 3543 Evangelium.
1120 3491 1177 3538 Erat
1184 3492 1240 3538 enin

161 3547 225 3595 sicut
240 3551 410 3612 interpretatio
424 3552 508 3598 habet.
520 3553 578 3610 Quas
594 3553 626 3600 sit
642 3553 686 3600 ad·
711 3551 860 3611 semiplena3
872 3553 898 3599 et
909 3552 965 3599 ideo
973 3554 1027 3600 erat
1034 3560 1241 3621 necessarius‚nt

161 3618 288 3678 scendens,
299 3621 355 3666 audi
363 3621 393 3667 de
404 3620 521 3668 Ecclesia.
531 3622 626 3682 Qnoecat
633 3635 685 3682 qnoe
710 3621 808 3668 veniret
817 3622 860 3680 qui
869 3621 1101 3682 Legemimpleret.
1109 3628 1178 3676 Finis
1186 3630 1241 3676 enin

113 3728 122 3738 ,
161 3685 390 3735 adscendiiciccibclc
400 3691 499 3737 innitens
510 3703 579 3749 anper
586 3689 685 3749 fratrem
709 3689 898 3750 LegisChristus
915 3690 946 3736 ad
962 3690 1095 3748 iustitiam
1111 3698 1180 3744 omni
1197 3711 1242 3745 ere·

161 3751 245 3800 trium?
262 3754 319 3800 llaec
338 3756 375 3802 est
392 3757 514 3816 actinosa,
530 3770 585 3817 quae
604 3771 683 3817 graece
710 3757 793 3818 denti,
811 3758 854 3818 qui
872 3758 942 3806 venit
953 3759 1044 3818 Legem
1060 3762 1175 3825 implere
1186 3778 1241 3825 ,nor

160 3816 275 3871 ἁκιινώδης
286 3820 455 3882 dicitur,quod
465 3825 511 3873 tide
522 3827 684 3886 operibusque
710 3828 812 3876 solvere.
832 3829 956 3885 Quomodo
973 3829 1086 3889 abyssus
1108 3837 1179 3896 Lex,
1195 3836 1243 3884 audi

160 3890 333 3950 resplendeat:
346 3891 415 3949 cujus
434 3893 491 3940 filiis
513 3895 575 3942 dicit
586 3909 593 3943 r
605 3896 683 3955 Opera
710 3896 831 3943 dicentem
841 3910 847 3942 :
856 3898 948 3944 indicio
956 3900 998 3944 ina
1006 3901 1071 3948 sicui
1081 3904 1185 3963 abyssis
1194 3907 1244 3953 nal

160 3960 241 4005 vostra
252 3959 349 4006 luceant
357 3971 436 4006 coram
444 3961 514 4007 Patre
526 3974 593 4022 meo,
606 3963 683 4022 quiin
710 3967 743 4011 ia.
751 3965 829 4011 Simul
837 3965 896 4011 hinc
904 3965 1016 4024 intellige
1025 3970 1173 4034 utrumque
1182 3977 1244 4023 unius

159 4029 280 4077 coelisost.
710 4045 762 4079 esse
789 4033 915 4094 sapientiae
941 4034 1165 4103 testamentum,
1192 4042 1245 4105 quoi
