2752 4806
139 356 186 405 ros
396 346 400 353 ’
542 353 665 403 sancus
679 354 841 401 nnsuosn

141 437 255 487 exercitii
266 445 313 484 usu
321 436 672 489 valescatliumrerosser·
698 435 769 496 quasi
790 435 912 486 famulatu
936 434 1025 486 debito
1045 437 1161 489 obnoxii
1180 450 1227 493 urs

140 507 202 555 roris
219 505 354 553 involucris
371 509 490 568 snserit,
508 511 535 558 et
552 509 584 555 ab
601 506 670 554 omni
696 505 775 552 menti
783 505 885 554 serviet.
893 504 1040 554 Secundum
1050 504 1229 568 perimus.

140 574 284 624 enodaverit
301 574 434 624 ollemious
447 611 456 637 ‚
476 578 669 627 consummatam
698 572 750 620 tom
760 573 864 621 nimus
875 573 982 621 evidens
990 575 1147 634 mysterium
1157 579 1230 628 Μα-

140 647 178 693 sui
186 645 356 704 purgationem
365 647 487 696 exhibens
494 681 501 707 ,
509 649 570 696 tuno
580 645 670 694 saoni-
695 641 753 700 sior,
763 654 819 701 que
829 641 909 690 totum
920 643 1011 690 orbem
1019 643 1083 692 tldei
1093 646 1230 699 nundus

140 713 300 762 umrcrdine
311 726 410 774 stegnas
419 718 504 775 partus
514 717 601 764 edere.
695 711 816 770 possedit,
825 711 972 772 benepater
983 714 1124 762 electionis
1133 717 1230 780 dicitu,

170 784 210 832 76.
228 784 349 831 Preterea
365 784 457 833 dicitur
472 787 594 835 librale:
612 786 669 833 Esto
695 780 850 840 patcrfldeb
860 784 935 842 pater
945 781 997 842 pie
1003 783 1185 836 confessionis.

140 854 190 902 stne
201 852 390 914 reprehensionem
402 854 442 900 cui
453 853 559 901 dabatur
569 853 670 913 spiritus
931 873 988 886 --·

141 920 268 980 sapientias
276 921 389 979 sanetus,
400 922 582 983 integer,bene
593 920 670 968 mobi·
865 922 996 975 CAPUT
1014 924 1076 977 XI,

142 991 193 1059 lis,
211 990 390 1038 immaculatus.
410 992 513 1052 Oportet
529 993 606 1050 igitur
622 990 670 1037 viri
695 1013 831 1063 mmm
853 1015 1026 1056 circumcisionis
1042 1018 1146 1058 nuh„
1164 1012 1232 1063 mu

142 1057 671 1121 sapientisanimamdienoctuqueinexer-
717 1066 1067 1117 quidugnineeuquiovesrlrm
1076 1070 1252 1114 minimum·-

143 1127 202 1174 eilio
218 1126 271 1186 iugi
288 1129 389 1187 specula
407 1131 579 1189 praetendere,
598 1141 672 1175 num·
718 1124 767 1158 ¹²⁹⁰
777 1121 1156 1164 ⁶¹⁰¹¹⁰¹¹⁰1¹t¹¹¹¹⁸dffl¹¹lfl¹²¹w
1164 1124 1233 1167 Μ·

142 1206 217 1253 quam
235 1207 319 1241 somno
338 1196 525 1256 indulgentem,
544 1194 672 1256 perpetuis
719 1175 870 1267 fflfiaffi
884 1177 969 1268 affl
979 1187 1040 1269 ζῇ*
1050 1178 1231 1276 {mim

142 1261 235 1320 vigiliis
252 1262 374 1310 intentam
392 1264 445 1310 Deo
461 1264 493 1311 ud
510 1264 672 1323 comprehen·
719 1280 983 1332 sumammuh,
998 1294 1042 1333 p„
1060 1286 1155 1327 ml,
1169 1291 1231 1329 m,

142 1329 238 1376 sionem
247 1343 331 1381 rerum
343 1344 428 1378 earum
439 1347 493 1393 quae
504 1334 573 1392 sunt,
585 1335 611 1380 et
622 1332 673 1378 sin-
719 1337 798 1373 annun
815 1336 933 1386 numium,
948 1347 975 1377 ee
988 1338 1105 1380 ulium
1119 1341 1172 1382 &a
1186 1353 1230 1392 pru

142 1397 255 1455 galerum
275 1411 404 1446 causarum
428 1401 603 1461 cognitionem.
625 1400 673 1447 Sed
722 1391 797 1430 ΜΗ·

143 1463 363 1514 ettamluturorum
370 1467 619 1528 interpressapientia
627 1471 673 1528 est,
727 1470 767 1518 78.
784 1471 820 1518 Er
837 1470 897 1531 quia
914 1471 945 1519 ad
959 1472 1105 1532 perfectum
1121 1475 1230 1536 voretur,

144 1533 192 1581 scit
209 1536 348 1595 preterita,
363 1538 389 1584 et
404 1538 435 1585 de
453 1537 543 1586 tuturis
560 1539 673 1586 aestimat.
699 1540 825 1586 oraculum
836 1539 996 1598 perfectionis
1013 1542 1232 1603 resipiscimus

144 1602 198 1650 Scit
208 1604 330 1653 versutias
340 1608 531 1667 sermonum,et
541 1608 675 1654 solutiones
700 1609 796 1665 sidcis,
812 1607 909 1667 inquit,
924 1622 993 1657 orum
1011 1614 1176 1662 maulim
1187 1629 1232 1662 oss·

143 1674 355 1731 argumentorum.
370 1675 443 1735 Signa
461 1676 488 1723 et
503 1680 612 1725 monstra
628 1677 675 1724 seit
700 1678 777 1733 irum,
789 1679 811 1723 ci
822 1680 994 1727 circumcidetis
1003 1693 1106 1728 curnem
1116 1685 1231 1731 ocrim

144 1743 366 1802 antequamtiant,
382 1746 408 1791 et
423 1746 526 1794 eventus
537 1748 675 1806 temporum
700 1742 810 1800 perlecta
831 1747 914 1792 sutem
936 1747 1097 1796 circumcisio
1118 1752 1232 1811 spiritalis

145 1812 171 1858 et
180 1814 334 1860 seculorum.
347 1814 401 1860 Non
416 1816 497 1874 potest
511 1816 587 1874 igitur
597 1818 676 1863 bonus
702 1812 748 1858 esi·
763 1812 878 1873 Denique
894 1815 921 1861 et
937 1815 1015 1863 lectio
1034 1817 1083 1866 boo
1092 1819 1168 1868 docet
1180 1832 1230 1868 cum

128 1889 131 1895 ·
144 1879 219 1939 utque
237 1881 364 1940 perlectus
381 1894 429 1929 uon
442 1885 548 1944 sesequi
560 1884 624 1932 banc
635 1897 676 1932 ac·
701 1879 763 1926 dicit
774 1892 781 1926 τ
793 1883 954 1930 circumcidite
964 1886 1083 1934 duritiam
1099 1891 1176 1938 cordis
1186 1904 1233 1939 ocr-

144 1947 272 2008 quiolerit3
282 1949 341 2008 quie
356 1949 382 1998 et
389 1963 488 1999 omnem
504 1953 581 2000 babet
596 1953 676 2000 virtu-
701 1951 740 1997 tri.
750 1951 829 1998 Etbte
837 1952 952 2012 plerique
960 1953 995 2001 ita
1003 1956 1232 2018 rocipiuugutsitr

145 2021 212 2076 tem,
227 2017 254 2065 et
268 2018 349 2078 imago
365 2021 483 2069 bonitatis
500 2021 546 2068 cst.
563 2022 634 2069 Unde
651 2023 677 2070 et
702 2021 1232 2087 circumcidatisomusmosculiusmoestrusr,

145 2088 231 2136 saeculi
241 2088 314 2135 istius
324 2090 677 2148 sophistmtraxemntdetini-
701 2087 748 2133 boc
765 2088 816 2146 est,
836 2090 946 2136 mentem
963 2091 1097 2153 vestram
1114 2094 1181 2142 nibil
1198 2092 1232 2145 est

145 2157 241 2205 tionem
257 2157 417 2216 huiusmodi,
436 2159 503 2217 quod
523 2159 621 2218 sapiens
637 2161 677 2208 vir
702 2156 768 2201 enlm
779 2161 863 2205 mente
870 2158 987 2207 validius.
996 2161 1233 2224 Deindeguinmss·

147 2226 226 2275 bonus
236 2225 336 2274 dicendi
346 2225 441 2285 peritus
451 2226 492 2274 sit.
701 2225 812 2271 culinum
820 2227 896 2274 etiam
906 2230 1018 2276 sanetum
1030 2230 1123 2278 dieitur
1132 2245 1141 2278 a
1151 2234 1234 2284 Omnis

158 2320 160 2322 v
177 2298 217 2344 ll.
236 2295 376 2342 Redeamus
393 2307 459 2341 nunc
477 2294 509 2342 ad
523 2294 614 2344 donum
629 2299 676 2345 Dei
700 2296 818 2342 inassatus
827 2297 965 2355 adoperiens
975 2298 1234 2351 sulcamrmrurllo

146 2377 194 2424 quo
212 2365 276 2412 nibil
297 2363 405 2424 plenius·
423 2364 488 2422 Quid
505 2365 571 2412 enim
587 2368 677 2414 melius
701 2365 766 2410 uiuo
791 2364 922 2412 amabitur.
947 2365 1015 2423 Quid
1040 2368 1126 2416 autem
1149 2373 1232 2419 mente

146 2431 284 2490 sapientiai
299 2432 365 2488 Quid
384 2432 458 2490 peius
474 2433 599 2480 uanitate?
613 2436 676 2493 Quid
702 2434 830 2493 sanctius,
851 2446 906 2494 quae
929 2434 971 2483 det
995 2434 1119 2484 bonarum
1140 2439 1232 2493 serulus

146 2499 256 2546 deterius
277 2499 468 2559 superstitione?
485 2502 593 2561 ideoque
613 2506 678 2550 tam-
701 2503 898 2562 cogitationum,
919 2504 1011 2562 quibus
1031 2506 1117 2566 sperit
1136 2507 1232 2557 vulvam

146 2581 220 2628 mum
235 2569 259 2615 ei
278 2569 319 2616 oui
334 2569 481 2628 promiserat
495 2571 676 2629 plenitudinem
701 2572 789 2618 anime
805 2572 944 2618 conclusam
960 2571 1076 2631 pariendi
1091 2568 1231 2637 sterilitate}

147 2636 322 2698 perfectionis,
337 2637 373 2684 ait
388 2649 396 2683 z
412 2639 507 2699 Augcbo
522 2642 543 2686 tc
557 2642 639 2700 ualde,
656 2646 678 2691 ct
702 2641 730 2686 ut
745 2640 822 2699 possit
836 2641 892 2686 illas
908 2640 1047 2688 invisibiles
1064 2645 1233 2702 generationes

145 2721 233 2768 ponem
244 2711 265 2756 te
276 2709 300 2754 tu
312 2709 402 2768 paulu,
413 2711 436 2756 ct
446 2720 509 2769 repes
519 2711 547 2756 dc
558 2713 578 2757 lc
588 2714 677 2759 cruutr
702 2707 776 2756 edere
787 2708 858 2756 utero
876 2709 921 2755 illo
931 2709 1052 2758 videlicet
1070 2712 1194 2774 spiritali,
1203 2715 1232 2763 do

147 2778 207 2836 quia
217 2777 270 2837 eins
280 2778 325 2838 qui
342 2777 423 2825 fidelis
434 2779 485 2838 est,
496 2780 562 2827 totus
572 2781 677 2828 mundus
701 2789 749 2836 quo
765 2776 825 2822 dicii
837 2777 918 2824 lissiae
928 2789 935 2822 τ
947 2779 975 2824 lo
990 2781 1059 2826 ebro
1075 2783 1233 2841 accepimusct

147 2846 291 2895 divitiarum
302 2849 353 2906 est,
365 2848 391 2894 et
401 2848 517 2908 augetur,
528 2862 576 2896 non
586 2849 677 2896 minui·
700 2847 869 2906 parturivimus
883 2847 990 2905 spiritum
1006 2847 1112 2896 salutis?
1127 2850 1233 2898 Circum*

147 2917 189 2960 tur
205 2916 233 2963 ut
246 2917 345 2964 stultus.
364 2917 465 2963 Ponitur
483 2917 509 2964 in
524 2919 610 2976 gentes
628 2918 678 2965 Ab·
703 2915 763 2962 cisio
775 2927 833 2972 ergo
843 2915 925 2962 cordis
935 2915 1119 2976 intelligibilis,
1129 2919 1233 2967 elrcum·

147 2986 252 3042 rabam,
271 2985 318 3032 hoc
336 2986 392 3044 est,
410 2984 470 3032 fides
481 2985 534 3042 eius
545 2987 576 3032 ad
590 2989 676 3046 gentes
702 2982 763 3029 cisio
776 2983 852 3030 etism
863 2982 943 3028 camis
955 2983 1090 3031 mandatur
1102 2986 1232 3034 sensibilis.

147 3051 303 3111 transfertur,
312 3053 337 3099 et
344 3066 415 3112 reges
423 3056 506 3100 saeculi
515 3056 556 3113 qui
566 3057 678 3104 credide-
703 3052 746 3096 iila
758 3051 785 3097 iil
799 3049 918 3109 veritate,
934 3050 981 3097 ista
996 3050 1024 3097 iu
1038 3051 1177 3112 signaculo.
1187 3055 1233 3103 Ge·

148 3119 219 3178 runt,
231 3118 293 3166 etse
307 3120 443 3176 subiiciunt
454 3121 557 3169 Domino
567 3123 626 3169 Jesu
638 3125 677 3170 cui
702 3119 770 3165 mina
781 3120 863 3179 itaque
873 3119 1042 3179 circumcisi03
1053 3121 1151 3180 quiret
1160 3123 1233 3172 animi

146 3186 239 3234 dieitur
250 3200 258 3233 ι
271 3186 325 3232 Tibi
331 3187 425 3243 oderem
435 3201 499 3248 reges
507 3203 616 3236 munes.
628 3191 677 3238 Nec
703 3187 728 3234 et
737 3188 845 3247 corporis
858 3189 977 3247 quaeritur
986 3189 1148 3238 abstinentia.
1159 3192 1234 3240 Deui-

147 3253 678 3316 illudabsurdum,mdaexgenercnbrabae
702 3254 1234 3317 queAEgyptiiquartodecimoauuocircum·

147 3325 283 3376 noneolum
291 3337 362 3384 reges
370 3327 445 3372 erunt
454 3324 582 3385 dignitate,
590 3339 677 3375 verum
703 3325 789 3372 sidunt
799 3336 878 3372 mares
888 3359 896 3384 ‚
907 3326 933 3371 et
945 3324 1047 3372 femine
1060 3328 1130 3386 apud
1141 3341 1182 3376 eos
1191 3341 1233 3378 eo·

148 3395 225 3442 etiam
240 3394 278 3441 illi
294 3406 367 3454 reges
379 3394 424 3454 qni
439 3395 542 3454 peceato
558 3407 608 3441 non
625 3409 677 3442 ser-
702 3395 759 3442 dem
778 3405 841 3440 amm
860 3393 1003 3440 circumcidi
1022 3392 1154 3456 teruntur3
1169 3396 1233 3457 quod

147 3463 239 3525 siant,
255 3476 301 3511 nec
319 3463 403 3512 vincet
420 3464 586 3525 coementis,
605 3477 677 3523 supro
703 3464 734 3510 ab
752 3475 781 3510 eo
796 3462 915 3511 videlicet
929 3475 993 3510 aimo
1009 3461 1118 3523 incipiat
1133 3465 1233 3526 tirgmre

148 3543 209 3590 quos
222 3544 325 3592 regnum
336 3545 402 3580 mors
417 3544 468 3579 non
479 3532 579 3580 babeat.
590 3533 678 3580 lientis
702 3531 782 3591 passio
797 3531 892 3589 virilis,
904 3531 929 3577 et
940 3530 1089 3578 feminarum
1109 3533 1233 3581 menstruo

148 3611 247 3657 quoque
259 3600 329 3647 bonae
340 3603 498 3662 cognovimus
507 3614 577 3661 reges
588 3615 642 3650 esse
653 3603 678 3649 et
703 3600 800 3647 sumant
824 3599 934 3646 exordia.
962 3597 1035 3658 begis
1059 3601 1147 3648 autem
1171 3601 1234 3649 lutor

148 3667 274 3726 principes
288 3667 462 3730 inventiones,
478 3685 533 3732 qum
549 3672 614 3718 sicut
628 3673 679 3719 nb-
703 3669 801 3716 setemae
811 3666 964 3725 signaculum
974 3668 1172 3716 circumcisionis
1179 3682 1235 3719 ear*

149 3736 235 3783 rabum
249 3736 381 3783 mediocris
396 3739 495 3796 quidem
513 3741 679 3799 generationis
703 3739 766 3785 aslis
781 3738 808 3784 in
825 3738 883 3785 solis
898 3737 1007 3784 maribus
1021 3737 1116 3798 exigit,
1128 3751 1159 3787 eo
1169 3739 1235 3801 quod

149 3802 282 3865 proventus
293 3817 342 3851 non
359 3805 448 3866 babet,
460 3808 503 3855 sed
518 3808 628 3856 abundat
638 3814 679 3856 r'e·
703 3809 733 3854 ad
750 3806 879 3854 mixtionis
893 3819 965 3855 usum
980 3807 1020 3854 vir
1037 3808 1147 3856 muliere
1156 3809 1235 3858 rebe·

149 3872 253 3932 galibus.
264 3872 309 3920 dui
321 3873 378 3920 data
389 3875 499 3922 estterrs
511 3876 537 3921 in
547 3877 679 3935 possessio-
703 3876 810 3922 mentior
828 3876 876 3934 sit3
896 3876 922 3922 et
939 3874 996 3923 ideo
1013 3874 1093 3936 ipsius
1112 3876 1234 3938 impeturn

149 3952 227 4002 nem3
243 3940 272 3990 ut
288 3940 430 3990 dominetur
447 3943 563 4002 corpori,
580 3954 628 3989 nee
645 3944 678 3990 stt
704 3942 838 4004 intringere
848 3943 928 3991 voluit
942 3942 1139 3993 circumcisionis
1154 3945 1235 4004 signa·

149 4010 247 4072 captiva
276 4009 412 4060 carnalium
442 4010 613 4072 voluptatum,
636 4011 678 4060 sed
704 4009 1236 4073 cnlovelquiavtrilicitosecrrarecre-
1268 4036 1272 4042 ,
