2752 4806
124 404 171 460 its
507 407 639 456 sineri
661 407 836 458 innnosrr

54 503 56 506 ·
123 489 337 542 roccamartina
355 490 405 540 Noe
421 491 562 553 quodequa
578 491 657 544 omnis
682 507 779 556 mense,
788 497 870 556 primo
880 494 923 544 die
933 493 1043 553 mensis,
1057 490 1159 543 dimisit
1169 508 1218 544 mr-

124 563 278 611 recessisset.
288 563 323 609 Ac
338 560 374 610 sic
385 573 465 609 annus
480 562 609 608 conclusus
618 573 658 608 os-
681 574 741 608 rum
755 565 854 613 sanctus
867 564 939 610 Noe:
956 562 993 608 ita
1011 563 1115 610 constat
1134 565 1217 613 eodem

127 629 426 681 tenditursexeentesimo
435 629 515 688 primo
525 631 656 688 anuclius,
682 641 842 692 numeroque
857 630 1011 679 cumulatum
1028 629 1217 689 est‚di1urium

128 703 154 749 in
165 698 271 748 secundo
278 697 378 746 mense·
388 699 493 756 septima
505 703 530 744 et
541 698 658 755 vigesima
682 709 735 745 esse
744 699 910 746 imminutum.
919 697 991 744 Unde
1000 697 1077 746 docet
1084 710 1133 747 nos
1141 700 1217 760 Scrip·

93 775 98 785 ·
126 770 226 817 mensis.
237 768 308 828 Quod
318 768 396 828 igitur
413 767 444 814 sd
456 768 657 826 explanationem
681 766 737 813 turn
747 768 860 815 ordinem
870 779 923 815 esse
932 766 1096 814 serrandum.

126 840 235 901 apertam
251 838 372 898 pertinet,
385 837 472 884 eodem
486 849 571 884 mense
583 839 657 896 atque
712 835 751 883 ol.
762 837 832 895 Quod
839 835 922 884 autem
934 835 1027 882 ostium
1036 835 1221 898 sitarcaeqoot

127 909 214 958 eodem
231 909 272 955 die
286 908 427 956 restituitur
442 908 571 967 equalitas
586 908 658 955 terras
683 904 780 963 speruit
793 904 887 965 justus,
903 902 1043 952 secundum
1060 906 1219 964 corporisne-

126 976 182 1039 post
197 977 339 1036 diluvium,
357 988 405 1036 quo
429 976 544 1034 corrupta
565 976 602 1024 est
620 975 659 1021 in-
683 973 775 1020 tionem
796 986 871 1034 supra
890 974 985 1021 dictum
1004 973 1054 1020 est.
1077 975 1218 1023 secundm

126 1047 235 1107 clplcnte
250 1046 375 1092 infusione
389 1044 488 1092 «illumi.
503 1045 574 1091 Veris
592 1045 659 1091 enim
682 1042 796 1089 altiorem
807 1043 891 1089 autem
906 1040 1150 1100 interpretationem
1160 1043 1219 1091 illud

126 1119 239 1177 temporo
248 1115 327 1162 omnis
335 1127 392 1173 aper
399 1114 479 1169 viret,
490 1114 516 1160 et
526 1114 592 1160 terra
602 1125 659 1173 par·
683 1109 815 1157 dicendum
821 1109 1003 1169 videtur,quod
1011 1111 1129 1169 corporis
1136 1124 1219 1160 sensus

126 1186 188 1233 turit
205 1185 307 1231 tructus.
318 1183 385 1229 Tunc
401 1182 524 1240 incipiuni
534 1193 659 1240 gemmare
683 1178 754 1225 velut
770 1179 889 1225 ostiomm
907 1178 1003 1225 similes
1021 1177 1162 1228 habentur.
1176 1181 1219 1227 Per

43 1242 46 1247 ’
125 1252 245 1309 arbores,
265 1251 403 1310 germinare
428 1249 531 1297 tructus.
550 1250 658 1297 Divitem
684 1245 728 1292 hos
738 1247 805 1292 enim
816 1247 940 1306 tamquam
951 1248 1070 1306 perosiiu
1082 1248 1220 1308 ingreditur

125 1332 186 1381 ergo
212 1319 354 1367 reformavit
385 1320 503 1366 Dominus
535 1321 562 1367 et
587 1319 659 1366 resti.
685 1313 710 1360 in
722 1317 829 1362 nostram
839 1318 948 1362 mentem
957 1316 1157 1375 velutquasdam
1167 1331 1218 1366 sen·

125 1389 177 1436 tuit
186 1388 340 1447 qualitatem.
356 1387 438 1433 Mense
449 1387 526 1445 igitur
536 1387 658 1442 secundo,
684 1383 794 1430 sibilium
805 1384 1002 1444 comprehensio.
1013 1386 1080 1444 lirqo
1087 1399 1219 1435 mensum·

126 1457 175 1504 hoc
193 1460 246 1514 es't,
262 1455 338 1516 aprili
352 1452 465 1517 (primus
482 1456 549 1502 enim
567 1458 658 1503 mensis
685 1450 773 1510 traper
783 1453 828 1499 laos
838 1466 924 1501 sensus
934 1454 1062 1512 respicere
1070 1455 1218 1515 ridetur,et

126 1526 231 1574 martius
242 1525 280 1572 est
293 1538 341 1584 quo
352 1524 428 1571 habet
441 1523 524 1582 iustus
534 1525 657 1584 natalem,
684 1521 792 1567 maxime
809 1533 856 1580 por
871 1522 1009 1580 visionem,
1028 1533 1087 1581 quas
1105 1524 1218 1572 omnibus

124 1595 225 1656 qnando
242 1593 353 1643 noctium
368 1593 514 1653 dierumque
531 1593 658 1655 equalitas
683 1589 796 1636 semibus
807 1590 922 1649 corporis
929 1589 1101 1649 praestabilior
1114 1592 1219 1641 aesfima·

124 1664 276 1723 aestimatur,
286 1664 333 1710 hoc
342 1662 394 1719 est,
405 1662 544 1720 octavo,ut
554 1662 657 1709 Romani
684 1656 738 1714 tur;
749 1659 808 1716 qula
819 1657 955 1706 domestica
963 1660 1001 1705 est
1010 1658 1131 1720 luminis,
1143 1663 1218 1722 etper

126 1732 228 1792 putant,
238 1734 280 1780 rel
291 1734 320 1778 ut
330 1731 390 1789 alii,
400 1731 487 1790 quinto
500 1731 556 1780 Kal.
568 1729 657 1791 april.)
684 1735 737 1771 enm
752 1724 918 1785 adspicientes
927 1726 1032 1784 coeluur,
1045 1727 1156 1788 terram,
1168 1741 1218 1778 rnt·

38 1800 42 1807 '
126 1811 228 1859 mense,
254 1799 369 1859 inquam,
395 1800 517 1857 seeundo,
541 1799 588 1847 hoe
608 1798 658 1856 est,
683 1793 735 1849 ria,
751 1796 828 1842 solem
843 1809 956 1857 quoque,
973 1797 1078 1855 lunam,
1096 1799 1218 1847 cistellas

126 1868 213 1929 aprili,
225 1870 330 1928 septima
340 1869 367 1914 et
375 1867 494 1926 vigesima
505 1866 597 1914 mensis
608 1879 659 1913 eos-
684 1861 773 1919 quilius
780 1864 835 1911 axis
844 1867 953 1922 ornetur,
964 1864 1133 1924 intelligimus
1140 1869 1217 1916 Deum

127 1934 166 1996 pit
180 1933 311 1984 diluvium.
322 1937 373 1983 Ver
387 1935 464 1994 igitur
483 1936 585 1983 initium
601 1937 658 1983 anni
684 1940 736 1975 0⁸8⁰·
742 1933 897 1990 <inertiorem
906 1933 1078 1992 nuntiatque
1087 1937 1216 1996 rectorem,

126 2003 277 2061 estimatur,
288 2016 339 2051 uon
355 2003 493 2051 secundum
508 2015 580 2050 usum
595 2004 659 2051 tcm-
684 2007 729 2043 nec
739 1999 793 2046 sine
803 2003 964 2069 auctorelleo
975 2002 1154 2063 tantorumque
1162 2017 1218 2065 cpe·

128 2073 208 2134 poris,
218 2073 262 2121 sed
277 2073 413 2122 secundum
428 2074 521 2120 natum
537 2085 660 2133 praepoga.
685 2077 739 2111 rum
749 2069 876 2116 conditore
885 2070 940 2116 haec
949 2071 1061 2129 potuisse
1072 2071 1130 2119 fieri
1141 2075 1218 2121 credi·

128 2142 220 2195 marna
231 2143 260 2188 ut
270 2142 328 2201 quia
337 2143 397 2188 tunc
407 2153 464 2200 spes
474 2141 534 2187 anni
546 2142 658 2198 inchoat,
685 2146 751 2192 111111,
762 2139 804 2184 tut
812 2149 883 2196 posse
894 2138 1036 2185 consistere.

128 2212 156 2258 et
171 2210 260 2270 incipit
275 2222 302 2257 se
320 2209 415 2256 nucius
437 2209 581 2268 ostendere,
598 2209 659 2256 tunc
714 2202 1216 2264 itlornanciqiimienestramcormm

32 2281 34 2284 '
128 2279 241 2328 rideatur
256 2278 315 2326 anni
334 2289 389 2324 esse
407 2277 568 2337 principium.
581 2277 659 2336 septi·
683 2272 1214 2338 primumiusiusemisit.Quereuda'causa,

128 2348 275 2395 musautem
285 2346 377 2394 mensis
385 2346 518 2393 secundum
527 2358 657 2393 numerum
684 2354 729 2388 nec
745 2344 829 2390 tamen
845 2344 906 2392 latet
920 2346 1041 2404 quantum
1056 2346 1090 2393 ed
1108 2347 1215 2396 litteram

128 2417 204 2475 isqui
219 2417 360 2475 september
370 2415 475 2474 dicitur,
486 2416 658 2475 computatur3
684 2412 806 2472 pertinet3
825 2415 883 2473 quia
901 2415 1014 2474 plerique
1032 2417 1104 2475 qussi
1121 2430 1215 2465 annun·

128 2484 186 2542 qnia
197 2485 243 2530 etsi
257 2495 272 2529 a
288 2482 422 2541 septembri
433 2495 517 2530 mense
528 2495 606 2530 annus
620 2484 659 2530 vi·
685 2480 748 2526 tium
766 2482 904 2529 futurorum
920 2494 1021 2529 corvum
1035 2485 1175 2545 estimant,
1191 2488 1216 2534 et

129 2552 216 2597 deutur
243 2551 369 2609 incipere,
392 2551 458 2598 sicut
491 2550 658 2597 indictionum
684 2560 756 2595 voces
774 2550 827 2609 ejus
845 2549 993 2610 observant,
1011 2552 1162 2613 volatusque
1182 2555 1215 2601 ri·

128 2618 288 2677 praesentium
304 2631 363 2665 usus
379 2619 488 2666 ostendit
498 2617 576 2679 (tune
593 2621 658 2666 enim
683 2620 790 2666 mantur.
801 2621 891 2668 Sensus
908 2622 991 2667 autem
1007 2621 1082 2668 altior
1095 2623 1216 2682 significat

127 2687 251 2735 seminum
267 2685 363 2748 iactus)
379 2699 439 2734 nere
458 2692 544 2734 tamen
563 2700 596 2734 ex
611 2701 659 2747 quo
684 2688 748 2745 quod
765 2701 835 2735 mens
850 2689 911 2747 justi
929 2688 1028 2748 quando
1046 2691 1170 2738 mundare
1189 2703 1214 2739 se

50 2751 75 2808 ”,
129 2755 226 2815 plenior
242 2755 319 2814 qratia
335 2767 361 2801 se
376 2753 465 2814 incipit
480 2754 659 2814 demonstrare,
685 2755 789 2815 incipit,
807 2770 861 2815 quae
879 2757 1009 2804 tenebrosa
1027 2760 1105 2816 suut,
1125 2759 1152 2807 et
1169 2759 1214 2806 im-

60 2777 162 2873 x&ex
181 2837 211 2872 eo
229 2823 288 2871 anni
305 2825 373 2884 origo
392 2824 552 2882 subducitur3
563 2825 589 2870 et
604 2824 659 2870 ideo
685 2825 1212 2887 munda,ettemerariaprimoaserepellit.

127 2875 659 3019 inlinisillnlnnirn
684 2892 1214 3023 {iili{sinisteritasins

128 3043 187 3090 erpo
216 3032 218 3037 '
243 3030 340 3088 iturea,
352 3031 398 3076 hoe
409 3030 460 3087 est,
471 3029 498 3075 in
507 3041 592 3076 mense
604 3042 660 3088 sep-
684 3031 737 3088 tur,
748 3031 812 3077 sicut
820 3043 924 3078 corvus:
937 3031 1026 3078 lumini
1036 3034 1123 3080 autem
1132 3034 1214 3082 vicina

129 3096 190 3145 timo
197 3129 205 3155 ,
213 3109 237 3161 s
258 3096 317 3142 time
327 3097 352 3144 et
359 3097 478 3156 vigesima
486 3097 578 3144 mensis
585 3110 660 3156 super
684 3099 763 3146 virtus
774 3112 829 3158 quae
840 3100 931 3146 mentis
941 3100 1050 3159 puritate
1061 3102 1089 3149 et
1097 3103 1214 3163 simplici·

128 3167 239 3214 montem
250 3165 372 3224 quadrati.
385 3167 422 3211 Ex
437 3166 480 3213 ilio
495 3166 575 3212 minui
595 3166 660 3212 dilu·
683 3167 733 3214 tate
744 3169 895 3228 resplendet.
908 3169 936 3215 lit
945 3168 1000 3216 ideo
1008 3170 1135 3228 tamquam
1144 3171 1215 3218 emit-

129 3233 199 3282 rium
216 3233 300 3292 coepit.
312 3233 390 3280 Simul
407 3233 533 3281 considera
544 3232 602 3293 quia
613 3234 660 3279 eis·
685 3234 744 3282 titur
755 3236 780 3283 et
798 3235 897 3296 iuuatur
907 3237 994 3294 culpa,
1006 3238 1033 3284 et
1043 3238 1176 3297 separatur
1185 3239 1215 3286 ab

128 3301 187 3350 dem
197 3301 306 3348 numeris
321 3302 411 3361 quibus
425 3302 508 3361 aliqua
522 3302 658 3362 incipiunt,
684 3304 838 3364 innocentia,
850 3307 880 3352 ut
893 3305 958 3351 nihil
973 3307 1106 3353 remaneat
1122 3307 1150 3355 iu
1168 3308 1215 3355 riri

79 3389 83 3399 ,
128 3370 659 3430 requiruntuuutdiluriumcoepitsecundo
682 3371 1215 3435 iustimonteteneorosummeniqueegres

33 3429 44 3447 '
129 3432 213 3487 meuse
224 3440 297 3499 anni,
308 3440 414 3500 septima
425 3441 450 3486 et
460 3439 578 3498 vigesima
589 3452 660 3487 men·
683 3455 723 3489 sus
740 3456 827 3490 corvus
842 3456 892 3490 non
907 3442 1042 3489 revertitur
1057 3443 1090 3491 ud
1105 3445 1215 3505 justum3

129 3508 164 3555 sis
178 3521 185 3554 a
205 3510 305 3556 centum
323 3507 499 3568 quinquaginta
518 3506 605 3555 diebus
620 3507 660 3555 in·
683 3511 740 3569 quia
748 3510 855 3570 fugitans
866 3510 945 3558 omnis
953 3511 1025 3569 culpa
1036 3511 1073 3557 est
1081 3513 1216 3572 equitatis,

129 3576 204 3624 tinxit
218 3576 353 3636 diluvium,
369 3578 469 3624 centum
482 3576 659 3636 quinquaqinta
683 3590 729 3625 nee
740 3580 857 3639 probitati
868 3579 968 3627 videtur
978 3579 1004 3625 ct
1011 3578 1118 3636 justitias
1126 3593 1218 3630 coure-

129 3645 218 3692 diebus
236 3645 291 3692 aliis
308 3645 382 3692 cessit
399 3645 539 3692 dilnvium:
556 3644 660 3705 quadra-
683 3649 747 3695 nire.
760 3649 873 3708 Denique
889 3648 997 3695 evasisse
1007 3659 1035 3694 se
1046 3648 1128 3696 credit
1138 3649 1217 3707 inius-

128 3713 197 3774 qinta
215 3711 302 3758 diebus
318 3712 396 3759 nimia
414 3713 453 3760 ris
471 3713 567 3760 eoeiesti
581 3713 659 3760 imbre
684 3716 723 3763 tus
730 3716 1217 3778 tamquamdevincatis,cumjustusal

130 3777 268 3827 etiontium
284 3779 414 3837 eruptione
428 3779 588 3838 exaestuavit,
600 3792 660 3839 qua-
685 3784 738 3842 ejus
755 3798 782 3832 se
801 3786 924 3833 consortio
942 3786 1108 3845 separaverit,
1125 3787 1217 3835 diluvii

130 3846 242 3906 draginta
257 3845 344 3893 diebus
355 3847 411 3893 aliis
426 3848 520 3895 exactis
530 3851 659 3908 postquam
684 3851 810 3910 cuiusdam
826 3855 851 3900 et
867 3853 1014 3911 corruptele
1029 3852 1178 3913 familiaris,
1189 3855 1218 3901 ut

130 3914 185 3964 alsa
199 3913 257 3961 sunt
274 3913 356 3974 capita
376 3914 512 3974 montium,
528 3915 660 3962 undecimo
684 3934 771 3968 corvus
783 3921 826 3980 qui
841 3935 898 3968 eum
914 3921 1052 3969 siccitatem
1068 3923 1143 3970 terras
1156 3934 1218 3970 nus·

684 4003 756 4050 quam
769 3989 907 4050 inveniret,
917 4003 965 4037 non
982 4002 1098 4038 reversus
1109 3991 1162 4051 est,
1173 3990 1218 4040 scd

151 4068 497 4109 ·i:dir.1ienod.rnmmdonnno.
630 4052 632 4057 ³
684 4057 808 4110 remansit.
