2752 4806
475 457 720 504 buxanunnon
738 459 842 503 LIBER
860 458 910 502 111.
1203 454 1234 504 2ss

153 532 334 596 fraterpretibus
345 538 386 586 vel
395 537 487 586 veritas
497 539 615 587 doceatur
624 553 682 598 sup-
708 539 855 587 oxercitium
870 536 1043 597 continentias,
1058 537 1184 598 gravitatis
1194 551 1233 587 se-

152 604 240 662 petere
249 638 257 664 ,
267 607 307 653 rel
318 605 458 655 auctoritas.
467 609 543 656 ltlulta
556 608 621 655 enim
633 603 685 655 non
707 602 898 667 cessus,portus
906 605 1059 663 securitatis,
1069 607 1234 665 tranquillitas

151 669 232 718 otiose
253 684 267 718 a
288 671 448 736 Septuaginta
468 676 529 724 viris
557 675 682 723 hebraicae
706 675 804 733 saeculi,
823 675 908 721 mundi
925 673 1000 732 hujus
1024 675 1158 734 sobrietas,
1179 677 1234 724 tum

152 737 343 789 lectioniaddita
351 743 377 790 et
386 742 501 802 adjuncta
508 745 680 804 comperimus.
706 742 820 791 fidelibus
827 743 888 791 viris
896 744 970 803 atque
980 742 1233 791 devotisincentivum

145 848 155 861 ,
181 806 596 871 2t.ViditergoDeusquiabonum
604 823 680 858 mare.
705 811 856 871 devotionis,
875 814 903 859 ut
923 825 981 860 cum
1002 812 1126 859 undarum
1141 812 1233 860 leniter

151 876 202 925 Etsi
212 879 299 938 pulcra
315 880 348 928 sit
359 881 456 941 species
465 881 539 940 buius
547 881 679 940 elementi,
704 881 852 949 alluentium
860 881 1119 928 sonocertentcantns
1129 881 1235 940 psallen-

150 946 192 992 rel
212 960 271 995 cum
290 950 448 1010 surgentibus
458 950 562 998 albescit
575 950 681 997 cumulis
704 948 781 1008 tium,
792 948 913 1008 plaudant
923 949 1010 998 insulae
1025 948 1161 1007 tranquillo
1172 946 1235 994 tluc-
1296 984 1298 989 .

150 1025 178 1060 ac
187 1017 322 1065 verticibus
331 1019 467 1077 undarum,
477 1019 503 1066 et
514 1019 597 1066 cautes
606 1019 680 1065 nivea
704 1016 774 1062 tuum
782 1017 921 1064 sauctorum
928 1016 1002 1063 cboro
1011 1051 1018 1075 ,
1027 1017 1127 1075 hymnis
1137 1015 1234 1063 sancto·

149 1084 234 1131 rorant
243 1087 373 1146 aspergine
383 1122 390 1147 ,
400 1088 441 1134 vel
449 1100 506 1134 cum
516 1100 612 1146 aequore
622 1086 680 1134 cris·
705 1096 760 1129 rum
777 1085 920 1143 personent.
934 1086 1005 1133 Unde
1019 1085 1082 1132 mihi
1093 1085 1122 1132 ut
1134 1098 1234 1133 omnem

147 1150 218 1210 panti
228 1185 235 1210 ‚
245 1155 446 1202 clementioribus
456 1156 539 1214 auris,
551 1159 577 1203 et
589 1154 680 1201 blando
706 1153 786 1212 pelagi
805 1154 1000 1212 pulcritudinem
1026 1154 1233 1213 comprehendam

147 1229 243 1268 serenae
259 1223 449 1280 tranquillitatis
460 1221 680 1281 purpurascentem
702 1221 1234 1282 quamviditoperatortthuidpluratQuid

145 1282 251 1345 praefert
261 1291 386 1348 colorem,
403 1289 446 1349 qui
458 1290 556 1346 eminus
567 1293 679 1350 spectan-
704 1287 770 1333 aliud
781 1288 823 1334 ille
836 1290 1097 1336 concentusundarum
1107 1289 1168 1347 ,nisi
1177 1289 1233 1348 qui-

145 1354 217 1401 tibus
237 1354 384 1414 frequenter
411 1357 558 1415 offunditur,
582 1357 678 1415 quando
698 1353 758 1404 ,dam
774 1357 907 1402 concentus
922 1358 959 1403 ost
976 1357 1073 1416 plebis?
1085 1357 1154 1404 Unde
1166 1358 1231 1405 benc

92 1444 98 1452 ·
145 1433 201 1468 non
220 1422 336 1470 violentis
357 1424 473 1470 fluctibus
494 1425 575 1471 uicina
594 1423 677 1470 tundit
702 1422 921 1483 meriplerumque
936 1427 1091 1484 comparatur
1107 1426 1230 1483 Ecclesia,

146 1490 248 1549 littora,
261 1492 305 1538 sed
317 1493 386 1539 velut
396 1492 506 1550 pacificis
514 1493 592 1538 ambit
603 1494 628 1538 et
638 1504 677 1538 sa·
701 1501 756 1546 quae
767 1490 846 1549 primo
864 1491 1025 1551 ingredientis
1036 1493 1120 1553 populi
1134 1493 1232 1552 agmine

146 1558 213 1606 lutat
229 1560 399 1620 amplexibus,
410 1572 485 1620 qnam
498 1559 578 1606 dulcis
588 1571 675 1617 sonus,
701 1557 759 1604 totis
770 1558 900 1605 vestibulis
908 1560 985 1607 urrdas
997 1563 1090 1608 vomit:
1104 1560 1192 1608 deinde
1204 1562 1231 1606 iu

146 1639 221 1687 quam
234 1629 360 1686 jucundus
378 1629 472 1688 fragor,
483 1640 557 1687 quarn
572 1629 640 1687 grata
651 1627 676 1674 et
701 1625 811 1672 oratione
828 1627 904 1674 totius
920 1629 1000 1687 plebis
1017 1628 1143 1688 tamquam
1158 1629 1232 1676 undis

146 1697 675 1756 consonaresultati03egotamennonocnlis
701 1693 863 1742 refluentibus
879 1697 981 1754 stridet,
997 1706 1055 1740 cum
1071 1697 1232 1755 responsoriis

146 1765 294 1813 aestimatum
307 1766 675 1825 creaturaedecoremarbitror3
701 1763 1230 1824 psalmorum,cantusvirorum,rnulierum,

145 1833 192 1880 aed
200 1830 335 1882 secundum
347 1837 468 1883 rationem
480 1835 628 1894 operationis
637 1835 676 1892 ju·
701 1829 841 1890 virginum,
854 1836 1031 1898 parvulorum,
1048 1846 1168 1880 consonus
1186 1846 1231 1879 un-

146 1899 674 1968 diciooperatorisconvenire,etcongruere
702 1896 787 1946 darum
803 1901 884 1960 fragor
894 1904 1004 1954 resultat.
1019 1907 1081 1955 Nam
1097 1903 1160 1950 illud
1170 1902 1231 1963 quid

147 1967 285 2016 definitum.
702 1966 795 2026 dicam,
804 1970 870 2027 quod
882 1972 947 2017 unda
958 1977 1088 2031 peccatum
1098 1970 1193 2028 abluit,
1205 1973 1231 2018 et

177 2034 217 2081 22.
229 2037 322 2083 Bonum
331 2037 407 2097 igitur
413 2036 609 2095 mare,primnm
619 2034 676 2094 quia
701 2035 778 2080 sancti
787 2035 891 2094 Spiritus
900 2050 958 2084 aura
969 2040 1082 2086 salutaris
1093 2037 1202 2098 aspirati

146 2104 226 2149 terras
254 2104 393 2150 necessario
422 2103 531 2149 suffulcit
559 2102 675 2160 humore,
731 2102 770 2150 ab.
787 2106 834 2151 Det
851 2107 922 2154 nobis
937 2109 1057 2155 Dominus
1075 2108 1117 2154 illa
1134 2119 1230 2154 succes-

146 2169 236 2228 quibus
246 2183 291 2228 per
300 2184 377 2218 venas
387 2172 503 2231 quasdam
515 2170 610 2217 occulte
622 2183 677 2217 suc·
700 2183 773 2218 suum
788 2173 889 2222 flumina
900 2190 1017 2236 prospero
1034 2178 1099 2236 ligno
1116 2188 1229 2233 currere,

147 2249 205 2284 cum
219 2240 351 2299 quemdam
367 2241 433 2288 baud
450 2241 564 2289 inutilem
582 2240 675 2286 submi·
701 2239 1230 2304 tutoportuconsistere,nequitiaespiritalis

146 2306 244 2354 nistrat.
256 2310 348 2356 Bonum
359 2323 444 2369 mare,
458 2311 583 2370 tamquam
593 2308 676 2366 hospi·
701 2307 811 2363 graviora
827 2322 900 2369 quam
911 2311 976 2358 ferre
994 2323 1139 2369 possumus,
1152 2309 1231 2354 tenta·

147 2374 675 2437 tiumtluviorum,fonsimbrium,dorivatio
701 2376 896 2435 mentanescire,
905 2378 963 2424 fidei
972 2379 1084 2436 ignorare
1093 2375 1229 2435 naufragia,

146 2443 676 2504 alluvionum,invectiocommeatuum‚quo
701 2439 793 2487 babere
802 2455 889 2500 pacem
897 2445 1057 2504 profundam:
1070 2445 1096 2491 et
1104 2445 1124 2490 si
1133 2445 1229 2503 quando

145 2510 195 2556 sibi
212 2511 332 2560 distantes
344 2513 431 2571 populi
447 2512 611 2570 copulantur,
628 2522 676 2569 quo
702 2507 796 2567 aliquid
813 2511 862 2570 sit,
879 2513 943 2573 quod
963 2527 1049 2574 graves
1064 2504 1134 2560 nobis
1145 2513 1229 2559 saeculi

144 2578 290 2636 praeliorum
304 2580 466 2625 removentur
483 2577 611 2637 pericula,
628 2589 676 2636 quo
703 2575 776 2634 hujus
787 2581 881 2628 excitet
896 2581 1000 2641 fluctus,
1011 2582 1172 2642 evigilantem
1184 2593 1229 2640 pro

142 2646 292 2694 barbaricus
307 2647 374 2694 furor
392 2647 529 2705 clauditur,
541 2646 676 2694 subsidium
702 2647 771 2694 nobis
787 2649 879 2697 babere
900 2651 1088 2710 gubernatorem
1104 2652 1230 2699 dominum

143 2716 174 2762 in
184 2717 383 2776 necessitatibus,
390 2716 675 2777 refugiuminpericnlis‚
700 2715 799 2776 lesum,
809 2719 852 2778 qui
868 2722 944 2768 verbo
960 2721 1080 2780 imperet,
1095 2721 1229 2780 tempesta-

143 2784 227 2843 gratia
237 2785 264 2831 in
273 2786 457 2846 voluptatibus,
469 2785 599 2832 salubritas
613 2786 677 2830 vale·
702 2783 752 2830 tem
763 2785 875 2845 mitiget,
888 2785 1091 2845 tranquillitatem
1102 2790 1178 2836 maris
1187 2801 1227 2836 re-

145 2853 254 2912 tudinis,
274 2850 444 2914 separatorum
465 2854 618 2912 conjunctio,
634 2853 677 2900 iti·
702 2849 802 2911 fundat,
818 2853 859 2900 cui
875 2853 913 2900 est
927 2853 1005 2900 bonor
1020 2857 1045 2901 et
1061 2855 1151 2913 gloria,
1161 2857 1228 2914 laus,

145 2921 213 2968 neris
239 2922 427 2983 compendium,
451 2921 615 2978 transfugium
639 2922 677 2968 la·
701 2920 1227 2982 perpetuitasasaeculisetnuncetscmper,

146 2988 305 3049 borantium,
331 2991 469 3038 subsidium
495 2990 674 3049 vectigalium,
700 2989 727 3034 in
736 2989 818 3038 omnia
829 2991 918 3037 saecula
926 2991 1081 3038 saeculorum.
1093 2993 1179 3039 Amen.

144 3058 285 3106 sterilitatis
305 3059 461 3107 alimentum.
479 3061 516 3105 Ex
531 3058 577 3106 boc
591 3059 674 3117 pluvia
925 3085 989 3097 --

146 3125 175 3172 ln
193 3131 271 3175 terras
289 3128 487 3186 transfunditur3
507 3127 628 3187 siquidem
643 3128 674 3174 de
861 3135 988 3188 GAPUT
1006 3137 1059 3186 vl,

146 3195 210 3240 mari
220 3207 283 3255 aqua
290 3197 365 3244 radiis
371 3198 429 3244 solis
436 3198 549 3243 hauritur
558 3229 565 3253 ,
574 3197 600 3242 et
608 3197 673 3255 quod
700 3228 777 3265 Terras
790 3237 850 3265 suam
862 3229 964 3275 maciem,
974 3237 1024 3276 quae
1038 3229 1060 3264 ,n
1074 3225 1228 3275 germinatione

144 3262 238 3311 subtile
249 3265 303 3323 ejus
311 3266 464 3325 est,rapitur
472 3278 479 3310 t
487 3265 577 3311 deinde
583 3265 674 3324 quanto
721 3291 745 3319 ac
755 3282 864 3320 grimm„
875 3282 940 3329 pop„
951 3286 992 3328 „g
1001 3280 1151 3328 percommodo
1164 3279 1227 3316 adp.

145 3332 222 3380 altius
247 3336 377 3394 elevatur,
404 3335 472 3382 tanto
494 3335 572 3393 magis
600 3334 674 3381 etiam
721 3339 765 3372 fam
781 3345 920 3379 esservocem
933 3335 972 3396 nea
987 3334 1227 3396 foecunaiiacls'causam

145 3401 250 3448 nubium
273 3404 460 3451 obumbratione
491 3401 620 3462 frigescit,
649 3401 675 3448 et
720 3387 1054 3477 P'aeh⁸¹³²⁸1¹¹⁰‘¹fq¹¹¹‘¹‡¹¹¹⁵⁰¹²⁵
1071 3387 1226 3433 ‘mm’

145 3469 229 3517 imber
249 3471 294 3530 sit,
320 3473 365 3532 qui
385 3485 435 3519 non
453 3471 531 3518 solum
552 3471 673 3517 terrenam
721 3445 888 3489 ramacesprum
907 3450 979 3480 Μ’

145 3537 270 3596 temperat
285 3539 436 3600 siccitatem,
447 3537 577 3586 sedetiam
589 3532 674 3596 jejuna
900 3519 993 3560 SERM⁰
1001 3519 1028 3558 V·

146 3605 353 3654 arvafoecundat,
728 3601 767 3647 25.
789 3602 950 3648 Drscnonnrn
966 3610 1045 3658 aqua,
1066 3599 1227 3651 conveniebat

177 3673 217 3720 25.
237 3675 301 3732 Quid
320 3686 464 3722 enumerem
484 3672 595 3731 insulas,
614 3683 674 3731 quas
700 3669 726 3716 ut
747 3669 842 3729 species
857 3669 930 3716 terras
946 3667 1046 3714 daretur
1056 3669 1082 3715 et
1092 3669 1185 3728 gratia,
1197 3669 1226 3716 ul

146 3742 218 3790 uelut
228 3745 331 3790 monilia
348 3745 494 3803 plerumque
506 3740 636 3802 praetexit,
648 3741 674 3787 in
699 3737 860 3787 invisibiliset
867 3737 1027 3795 incomposita
1034 3737 1156 3785 desineret
1163 3750 1225 3784 esse.

145 3811 237 3870 quibus
253 3812 272 3857 ii
283 3813 325 3872 qui
341 3825 366 3858 se
378 3811 492 3859 abdicant
507 3811 674 3870 intemperan·
697 3810 756 3855 llam
766 3807 879 3868 plerique
894 3806 1020 3854 etiamhoc
1035 3805 1178 3853 dicantesse
1189 3804 1227 3850 in·

146 3877 189 3926 tiae
202 3880 327 3936 saecularis
338 3881 476 3939 illecebris,
490 3880 537 3926 fido
549 3880 675 3927 eontinen-
698 3872 1237 3937 visibile,quodspeciemnonhabet;etideo-

145 3947 190 3995 tlas
204 3950 328 4008 proposito
338 3949 433 4008 eligunt
442 3949 532 3997 mundo
542 3949 637 4008 latore,
649 3950 675 3995 et
699 3943 1165 4008 accipiuntterraminvisibilemfuisse,
1173 3949 1224 4011 non

145 4014 205 4062 vitae
217 4014 291 4073 buius
302 4017 427 4064 declinare
439 4016 525 4064 dubios
532 4017 654 4064 anfractus
665 4015 674 4062 t
698 4017 756 4077 quia
774 4015 855 4064 videri
872 4026 921 4060 non
942 4012 1025 4073 posset
1036 4024 1050 4057 a
1068 4020 1163 4058 summo
1172 4007 1224 4080 ,⁰⁰⁰

146 4084 213 4131 liare
227 4086 266 4135 est
276 4097 333 4147 ergo
348 4086 471 4135 secretum
483 4085 673 4151 temperantiae,
699 4087 740 4134 rel
755 4082 854 4144 Angelis
870 4082 937 4142 ejus,
953 4092 1010 4127 nam
1021 4078 1100 4126 adbuc
1111 4075 1224 4122 hominos
