2752 4806
453 400 495 445 ne
511 371 596 447 curn
609 402 651 445 ur
668 401 756 445 anun
773 378 876 445 arnan
890 400 923 446 ιι.
1189 397 1235 444 ssa

149 478 182 527 ab
192 482 263 530 utero
274 482 381 542 nature,
391 480 619 531 elcutdiversorum
629 482 679 530 cri-
703 483 749 528 Vel
760 483 827 530 certe
839 483 886 529 boc
904 480 976 530 modo
988 493 997 528 ε
1010 493 1107 530 omnem
1123 480 1234 529 laborem

148 549 246 597 minum
254 552 395 610 peccatores
405 563 414 597 a
424 551 469 599 sed
478 552 610 599 destructis
625 552 678 598 cul·
703 550 788 610 tuum,
800 563 899 599 omnem
910 550 1055 598 industriam
1066 563 1128 610 puro
1139 552 1164 599 et
1174 551 1234 598 sim·

148 616 246 665 toribus
265 618 421 666 saecularibus
447 618 583 678 eliguntur„
607 619 678 666 Unde
703 620 763 680 plici
775 620 958 667 commendabis
968 619 1066 666 aflectu.

148 696 200 731 non
220 686 313 736 habeut
330 700 387 734 cum
405 689 504 748 plebeia
526 690 678 749 possessione
733 690 757 737 9.
769 692 796 738 ss·
805 693 885 736 oolam
898 702 947 736 uon
964 689 1079 745 mutabis,
1091 687 1187 747 inquit,
1197 702 1234 735 rc·

148 755 313 815 consortium,
323 768 370 804 nec
380 756 407 803 iu
417 757 501 805 medio
513 757 600 818 populi
611 771 678 805 coru·
703 760 782 807 dimas.
789 758 895 806 iubetur
902 752 1106 818 ergosecundum
1115 755 1234 814 litteram,

148 822 279 884 putantur3
297 825 355 885 quia
368 827 474 872 verbum
492 826 539 874 Dei
554 826 581 872 iu
596 827 678 874 medio
702 829 731 873 ut
749 828 841 874 animal
856 827 924 874 aliud
934 838 979 886 pro
989 825 1119 873 immundo
1132 824 1235 871 animali

147 889 592 954 ssdpossidentsieutscriptumestin
601 897 678 944 Euan·
702 896 832 955 offeratur,
849 895 893 941 aut
907 895 1030 955 pretium3
1042 905 1074 940 ne
1090 891 1156 940 iuter
1166 891 1236 953 deci-

147 959 229 1017 gelio:
243 960 287 1008 Ubi
294 963 445 1011 natanael
456 965 502 1012 tres
512 967 678 1024 cmgregotiia
703 975 754 1010 mas
771 963 897 1009 fructuum
911 961 953 1009 vel
968 961 1051 1007 minus
1065 959 1176 1020 aliquid,
1193 957 1234 1006 vel

147 1031 686 1091 commemo,ibicoosamiumedioeomm.>
703 1029 858 1077 immundum
866 1028 982 1077 videatur
990 1026 1083 1076 offerri.
1091 1025 1237 1076 Intellectus

147 1095 178 1142 Et
192 1097 252 1146 alibi
264 1112 271 1146 ι
282 1101 371 1148 Medios
384 1102 489 1148 oestrum
503 1102 550 1148 sict
560 1114 628 1160 quem
638 1114 679 1148 vos
703 1100 787 1145 autern
803 1098 949 1157 profundior
957 1097 1112 1144 liberandam
1127 1096 1235 1143 animam

147 1165 248 1212 simitu.
704 1165 772 1213 tuam
783 1166 903 1227 docet,ut
912 1166 1013 1214 desistat
1021 1167 1052 1213 ab
1062 1165 1095 1212 iis
1102 1178 1158 1224 quas
1168 1164 1236 1212 irue-

176 1231 201 1280 8.
214 1233 278 1280 ilinc
290 1244 348 1291 ergo
357 1233 531 1292 cognoscimus
545 1233 610 1292 quod
621 1233 678 1283 aute
704 1233 757 1280 tum
767 1247 816 1282 nou
827 1235 928 1282 habent.
939 1235 987 1293 Qui
1003 1235 1070 1282 enim
1079 1234 1182 1282 redimit
1192 1245 1234 1294 sc,

145 1301 233 1348 omnia
246 1302 308 1349 tides
322 1313 367 1348 uos
382 1301 553 1348 commendare
567 1303 619 1349 Deo
636 1304 686 1350 de-·
704 1300 792 1350 liberat
802 1303 827 1350 et
837 1303 944 1362 quodam
960 1302 1033 1350 exuit
1043 1302 1136 1350 debito.
1147 1302 1234 1348 llclin-

145 1369 215 1417 heat.
225 1371 286 1417 Cum
296 1368 370 1416 tidem
380 1369 555 1429 babuerimus,
567 1371 678 1419 elabere·
702 1371 800 1426 quenda
810 1372 868 1419 sunt
875 1383 949 1430 opera
956 1384 1011 1431 quae
1019 1383 1106 1419 verum
1114 1370 1233 1429 fructum,

145 1449 205 1486 snus
219 1438 248 1486 ut
258 1449 333 1497 opera
347 1439 429 1484 nostra
442 1437 552 1496 perfecta
565 1437 625 1486 sint.
637 1439 674 1485 Si·
702 1437 1233 1499 bonosqueprocessusbaberersonpossunt3

144 1507 251 1567 quidem
268 1507 314 1554 boc
327 1507 429 1565 plenum
445 1506 482 1553 est
496 1507 522 1554 ct
539 1506 677 1566 perfectum
701 1508 784 1566 qualia
794 1510 851 1556 suut
865 1509 912 1556 isla
922 1508 1047 1556 mundana
1057 1522 1163 1570 quorum
1172 1522 1234 1556 usus

144 1575 308 1634 morificium,
323 1573 390 1621 sicut
407 1573 459 1634 ipse
469 1575 588 1624 Dominus
606 1575 677 1626 docet
701 1587 750 1622 non
767 1578 918 1636 potestesse
934 1578 1077 1625 diuturnus.
1094 1578 1123 1624 lu
1140 1578 1234 1637 quibus

145 1658 192 1693 nos
202 1645 286 1692 dicens
297 1657 304 1690 ι
316 1645 352 1690 De
364 1642 436 1690 donis
450 1644 477 1691 et
486 1643 550 1691 datis
565 1644 616 1692 tuis
633 1646 677 1692 cb·
701 1644 754 1704 ipse
764 1647 846 1693 nudus
856 1649 882 1694 et
892 1647 946 1695 veri
961 1645 1233 1702 vacuus1eliectusest3

146 1712 278 1761 servabitis
288 1711 374 1759 olierre
386 1709 448 1757 mibi
463 1712 489 1758 in
500 1711 588 1760 diebus
607 1713 676 1762 lestis
701 1713 727 1760 et
741 1713 855 1773 quamvis
869 1726 966 1762 summo
979 1714 1097 1773 quaesitus
1112 1713 1189 1761 fuerit
1198 1712 1235 1759 la·

147 1781 224 1840 meis,
233 1781 297 1828 nihil
305 1779 477 1839 detrahentes,
486 1793 569 1840 neque
579 1780 676 1842 disper·
701 1780 772 1841 bore,
783 1783 892 1830 animam
899 1782 962 1829 nibil
973 1781 1052 1841 juvat.
1061 1785 1094 1830 lla
1102 1783 1169 1831 enim
1177 1795 1233 1842 quac

146 1848 675 1909 tientes;sedplenaetintegraetperfecta
700 1851 847 1899 servitutem
871 1853 960 1899 animm
985 1851 1110 1911 inierunt,
1127 1850 1233 1899 inutilia

146 1917 388 1967 auctorisaremus
405 1919 488 1965 autom
506 1917 675 1966 diesDomini
701 1918 758 1965 sunt
777 1923 872 1978 omnia,
892 1920 940 1967 etsi
961 1932 1011 1967 non
1030 1920 1095 1967 desit
1116 1919 1232 1967 erfectus.

146 1988 198 2047 est,
219 1986 262 2034 ubi
283 1985 448 2047 perfectarum
464 1986 584 2033 virtutum
599 1988 676 2045 gratia
700 1988 786 2046 ldagna
807 1988 907 2035 videtur
928 1987 1098 2046 praeliantium
1118 1988 1232 2044 victoria,

146 2056 265 2113 cotilae
274 2054 331 2102 tunc
341 2053 458 2115 periectos
468 2055 540 2112 sunt,
551 2054 573 2100 si
584 2055 677 2102 sollici·
701 2055 906 2115 triumphantium
920 2055 997 2115 gloria
1011 2067 1018 2099 ε
1028 2054 1072 2102 sed
1087 2053 1234 2113 frequenter

145 2123 261 2182 tudinum
268 2122 440 2180 secularium,
449 2122 475 2169 et
483 2123 614 2181 corporalis
622 2123 677 2171 ille·
701 2123 766 2182 ipsos
776 2123 890 2172 videmus
899 2123 944 2184 qui
954 2123 1074 2183 vicerint,
1085 2135 1171 2170 rursus
1180 2122 1235 2169 bel·

146 2192 228 2248 tebrae
243 2192 323 2239 victor
340 2190 438 2238 animus
453 2190 617 2238 delinimenta
632 2205 676 2240 ro-
700 2193 780 2239 lorum
795 2192 923 2251 subiacere
941 2192 1057 2253 incertis,
1069 2192 1095 2240 et
1106 2190 1233 2239 transferri

146 2261 250 2320 luptatis
260 2259 389 2318 excludat,
399 2259 489 2306 libera
504 2261 607 2319 seculo,
623 2262 675 2309 Deo
700 2261 732 2326 ad
740 2262 837 2310 hostem
846 2262 938 2309 eventu
945 2261 1039 2321 praelii,
1050 2261 1076 2309 et
1085 2272 1114 2308 eo
1123 2261 1176 2320 ipso
1184 2272 1233 2321 quo

145 2328 367 2388 ‹leditus,ulbilde
376 2326 475 2375 tramite
482 2327 584 2377 directae
592 2330 676 2376 inten—
700 2330 807 2378 victores
817 2331 875 2378 ante
893 2330 1000 2389 luerint,
1015 2329 1070 2377 fieri
1081 2329 1232 2376 miseriores.

145 2395 602 2456 tionisimnsinuens,uecaifcetussni
612 2398 677 2444 tem·
701 2397 767 2455 Opus
778 2399 815 2445 est
834 2410 892 2456 ergo
909 2398 939 2444 ut
956 2409 1031 2455 opera
1043 2396 1086 2444 tua
1103 2396 1136 2443 ad
1152 2398 1234 2443 Deum

146 2479 208 2526 picra
232 2478 298 2514 nunc
319 2465 425 2512 luxurie
447 2462 585 2524 dividens,
610 2478 676 2513 nunc
701 2463 804 2524 dirigas,
824 2465 924 2523 eteius
946 2465 995 2512 tibi
1018 2465 1129 2524 adspiret
1154 2464 1232 2512 lavor.

145 2534 234 2584 labori.
246 2534 316 2581 Solus
329 2533 412 2592 itaque
429 2532 526 2592 sapiens
536 2533 600 2580 banc
611 2535 677 2582 cele·
701 2532 799 2580 Athleta
809 2534 863 2593 ipse
873 2533 917 2594 qui
926 2533 978 2581 suis
987 2545 1037 2581 non
1047 2535 1137 2582 alienis
1148 2533 1234 2581 decer·

144 2601 677 2659 bratsolemnitatem‚nullusalius.lmmu-
701 2601 738 2647 nit
757 2601 867 2661 viribus,
885 2602 983 2662 quoties
998 2603 1168 2663 congreditur,
1186 2602 1233 2649 du-

143 2668 677 2727 nerneuimhuiusmudeassionumauimam
701 2669 754 2716 bios
770 2682 840 2716 casus
857 2670 943 2718 subire
955 2683 981 2718 se
993 2671 1081 2718 eredit.
1093 2672 1123 2717 et
1133 2683 1191 2718 cum
1203 2671 1233 2716 ad

143 2735 678 2801 reperiredilbcileestnivideergosecuu-
702 2748 814 2782 coronam
837 2737 997 2796 pervenerit,
1015 2737 1135 2795 intelligit
1158 2736 1233 2783 citius

142 2809 209 2868 dum¹
227 2805 348 2853 rationem
370 2804 458 2852 animm
482 2805 627 2865 principalia
651 2809 678 2855 et
702 2803 764 2849 banc
780 2805 866 2851 mundi
881 2806 983 2863 gloriam
998 2806 1124 2863 tamquam
1139 2815 1234 2850 coronas

142 2874 303 2932 obedientia,
317 2873 342 2920 et
353 2873 413 2921 tunc
428 2873 489 2933 quid
499 2875 676 2934 masculinum,
702 2871 843 2931 ipsiusiolia
852 2872 1235 2919 marcescereGubernatorcnm

142 2943 239 3005 quidve
263 2942 412 2990 lemininum
436 2943 470 2989 sit
495 2942 674 3002 deprehendes.
701 2939 727 2985 in
737 2940 822 2998 portus
834 2940 918 2989 navim
929 2939 1090 2999 subduxerit,
1101 2939 1146 2986 vix
1158 2939 1232 2986 linem

142 3013 217 3060 Nulla
228 3010 295 3058 enim
306 3010 360 3058 sine
371 3010 455 3057 labore
469 3009 560 3071 virtus,
572 3013 630 3072 quia
641 3014 676 3060 la·
700 3008 843 3068 impositum
851 3010 929 3056 labori
941 3009 1024 3068 putat,
1037 3009 1063 3055 et
1073 3008 1156 3056 statim
1167 3021 1233 3068 quae«

142 3081 192 3128 hor
202 3092 329 3139 processus
341 3079 444 3127 virtutis
458 3079 504 3125 est.
515 3080 584 3138 Quod
600 3081 675 3130 etiam
700 3078 734 3125 rit
752 3079 841 3126 laboris
859 3079 998 3126 exordium.
1010 3078 1120 3141 Solvitur
1130 3089 1233 3137 corpore

142 3149 209 3208 legis
224 3148 301 3208 ipsius
317 3148 394 3196 verba
408 3148 559 3208 significant,
574 3163 627 3209 quae
639 3150 676 3198 di·
700 3147 795 3207 anima,
807 3147 833 3194 et
843 3148 898 3208 post
907 3148 982 3195 finem
992 3147 1052 3195 vitae
1066 3148 1142 3205 hujus
1152 3146 1233 3194 adhue

143 3217 182 3264 cit
197 3217 290 3265 :Omne
307 3217 367 3275 qaod
383 3218 457 3276 operit
474 3218 568 3265 valeam
587 3221 674 3276 asine,
700 3216 784 3263 hmeu
798 3215 879 3264 iuturi
892 3216 983 3274 iudicii
1000 3217 1115 3275 ambiguo
1130 3228 1235 3275 suspen·

143 3284 249 3333 mutabis
263 3297 310 3332 coe.
329 3284 457 3332 lmmunda
474 3285 542 3332 enirn
560 3287 675 3333 animalia
700 3284 1231 3344 dilunliatinisnullus‚ubibnisputatur.

144 3357 215 3402 lexa
226 3353 344 3400 sacrificio
353 3353 491 3413 separavit,
502 3355 528 3402 et
538 3367 583 3414 pro
595 3355 635 3402 his
645 3357 676 3403 ad
700 3353 769 3400 Unde
780 3353 842 3400 votis
850 3354 876 3401 et
882 3365 944 3412 pura
951 3352 1102 3400 conscientia
1111 3353 1137 3400 et
1142 3351 1233 3409 spiritu

143 3423 229 3471 vicem
240 3421 331 3469 masada
340 3421 414 3480 jussit
424 3422 516 3469 offerri.
528 3423 607 3470 Asiam
620 3437 676 3483 ergo
701 3421 810 3468 caritatis
827 3421 996 3468 adhereamus
1017 3423 1069 3466 Deo
1090 3420 1188 3478 nostro,
1207 3419 1234 3465 et

143 3491 312 3552 partum,hoc
319 3491 373 3551 est,
384 3490 539 3539 immundum
544 3491 678 3549 jubetmu-
701 3488 813 3535 divinum
835 3489 907 3535 nobis
925 3487 1086 3535 conciliemus
1104 3486 1243 3535 lavorem‘a,

143 3561 195 3608 tari
210 3573 256 3608 ove
263 3593 272 3620 ,
279 3573 341 3621 vquas
354 3560 445 3608 munda
456 3560 481 3607 et
492 3561 549 3618 apta
559 3559 678 3608 sacrificio
701 3557 830 3615 precantes
840 3556 870 3603 ut
887 3569 902 3602 a
916 3555 1075 3604 secularibus
1086 3554 1153 3602 curis
1169 3555 1233 3603 tam·

144 3629 195 3676 ust.
211 3629 261 3676 lloc
271 3630 310 3677 est
326 3628 461 3677 secundum
473 3628 590 3676 litteram.
601 3629 679 3676 caete·
702 3636 775 3684 quam
785 3625 815 3670 ab
826 3624 963 3672 immitibus
971 3623 996 3670 et
1006 3623 1144 3683 agrestibus
1154 3624 1233 3672 domi·

144 3709 202 3744 rom
211 3696 232 3744 si
239 3698 295 3757 quis
302 3709 402 3746 sensum
409 3696 528 3758 spiritalis
535 3697 596 3758 legis
604 3700 678 3748 altius
702 3693 741 3739 nis
751 3693 872 3753 possimus
881 3692 975 3740 absolvi
989 3693 1064 3754 atque
1076 3693 1149 3754 exui,
1160 3706 1233 3742 mun·

144 3769 326 3827 persequatur,
351 3766 414 3814 libet
433 3768 587 3815 considerare
613 3770 678 3829 quod
702 3761 815 3822 uanoque
833 3763 904 3810 exire
922 3762 1037 3822 servitio,
1054 3764 1232 3811 inlibertatem

144 3837 216 3883 asina
226 3835 375 3885 antissam
390 3836 538 3899 sisuinnai,
549 3840 678 3898 ‹msauc-
702 3830 1047 3892 superincognitissimae
1065 3843 1125 3879 vera
1144 3831 1232 3880 etsou

143 3906 254 3952 tuosmn.
273 3904 364 3952 l'ructn
382 3917 438 3963 ergo
454 3904 515 3954 dicit
532 3907 677 3956 mumadam
702 3901 741 3947 ⁸82
755 3900 870 3961 liberm,
882 3900 972 3950 mati·

143 3972 272 4033 uberem,
285 3976 313 4022 ut
323 3972 378 4021 bnis
386 3974 470 4038 ¹operis
481 3975 518 4023 sui
530 3974 624 4025 tructus
633 3978 675 4027 sit.
924 3994 1013 4007 --

259 4091 281 4139 l.
1093 4079 1118 4118 io
