2752 4806
141 396 218 457 XXII,
428 401 678 448 CHMONOLOGIA
693 401 927 454 amanoslnnn.

141 465 205 503 Anno
218 464 298 505 Chrfsll

185 518 245 571 sot
290 517 418 574 beneficii
432 521 587 586 immemor,
605 524 736 576 sanctum
753 536 854 577 vexare
870 518 1040 590 aggreditur,
1058 515 1138 572 festis
1154 515 1223 573 Passs

129 667 132 679 ι
289 598 414 653 chalibus
425 600 668 655 unamebasilicis
680 600 733 654 sibi
745 599 818 655 tradi
832 599 1018 669 expostulans.

184 675 246 730 586
324 678 474 733 Persuadet
485 679 678 736 Valentiniano
690 679 798 734 lustina
813 680 911 744 mater,
928 674 1103 731 scribendam
1116 675 1225 742 legem,

289 756 385 827 quain
400 757 550 812 Ecclesiam
566 757 749 811 conveniendi
766 757 891 811 Arrianis
905 756 1026 825 potestas
1043 753 1223 818 concedatur,

290 835 443 905 capitisque
461 850 543 905 poena
562 837 602 891 eis
620 837 769 904 irrogetur,
784 849 837 888 non
853 835 934 889 modo
950 834 999 904 qui
1019 835 1114 887 contra
1131 833 1224 901 palam

289 913 477 978 intercedere,
489 914 594 969 sedvel
610 914 741 968 clanculo
753 915 916 982 supplicare
930 912 1154 968 adtentavissent.
1169 909 1223 965 Sed

290 1006 345 1047 non
356 993 493 1047 Ambrosii
506 993 619 1063 infregit
630 993 764 1047 animum.
778 993 844 1047 lnde
855 994 930 1047 diem
941 991 1055 1046 Praesuli
1068 989 1178 1054 indicit,
1191 989 1224 1043 ut

290 1072 315 1125 is
334 1072 388 1126 sibi
405 1073 514 1142 judices
537 1073 640 1142 eligat,
663 1072 764 1143 quibus
786 1072 816 1126 in
838 1072 940 1141 palatio
960 1069 1174 1124 considentibus·
1188 1069 1224 1123 dc

288 1153 464 1223 dogmatibus
480 1153 544 1208 fidei
561 1155 657 1208 contra
674 1155 844 1210 Auxentium
864 1154 996 1222 disputet.
1014 1152 1116 1206 llenuit
1132 1151 1223 1206 intre-

290 1232 372 1301 pidus
384 1233 517 1298 Antistes,
533 1233 679 1304 missisque
692 1234 727 1288 ad
741 1232 1007 1303 apprehendendum
1022 1245 1087 1286 eum
1102 1231 1224 1284 militum

288 1312 454 1380 manipulis,
472 1327 489 1366 a·
504 1313 606 1381 populo
622 1312 791 1367 defenditur.
807 1342 838 1352 -
850 1312 1031 1368 inveniuntur
1047 1311 1169 1366 Gervasii
1188 1325 1223 1364 ac

289 1391 405 1446 Protasii
417 1389 535 1445 fratrum
547 1394 701 1465 martyrum
712 1390 848 1462 reliquiae.

325 1471 373 1524 llis
394 1470 498 1526 eisdem
518 1471 742 1540 tempestatibus,
763 1470 924 1540 pronuntiat
941 1470 1056 1526 Sanctus
1078 1469 1138 1522 illos
1157 1483 1231 1524 ser·-

291 1563 386 1603 mones
396 1550 497 1620 quibus
505 1549 691 1618 pulcherrima
701 1549 786 1619 ipsius
796 1551 975 1604 monumenta
985 1548 1134 1616 composita
1144 1549 1229 1614 sunt,

290 1630 396 1685 seilicet
406 1631 439 1683 tn
451 1629 599 1685 psalmom
610 1631 733 1695 CXVIII,
746 1644 779 1685 ae
789 1631 822 1684 to
834 1629 1024 1698 nocopettom
1032 1630 1116 1683 Iocoe
1129 1640 1222 1697 expo-

292 1710 421 1766 sitiones.
560 1721 563 1726 ·

323 1791 354 1841 ln
365 1787 510 1858 pervigilio
522 1790 672 1856 Paschalis,
683 1805 727 1846 vu
739 1788 794 1845 kal.
807 1789 910 1854 maias,
923 1786 1099 1856 baptizantur
1112 1787 1223 1856 Augus·

289 1866 364 1921 tinus
382 1867 484 1937 aliique
499 1870 659 1940 perplures,
676 1869 710 1923 ad
726 1883 795 1939 quos
812 1868 1020 1938 praeparandos,
1038 1866 1222 1922 instituendos

289 1945 536 2018 confortandosque
549 1948 693 2003 conciones
706 1948 763 2003 edit
774 1947 953 2001 Ambrosius:
968 1947 996 2001 1⁰
1008 1942 1043 2001 de
1054 1942 1220 2010 Abrohom,

290 2020 325 2082 de
341 2028 425 2082 Isooo
439 2030 467 2081 et
477 2027 600 2092 Arttmo,
611 2023 644 2082 cte
657 2021 735 2082 Boo'o
748 2027 867 2090 mortim
878 2027 908 2081 2⁰
921 2021 955 2080 de
968 2025 1128 2094 Mysterttm
1142 2025 1171 2077 5⁰
1184 2021 1222 2079 da

288 2107 370 2172 Toga
378 2105 491 2170 occult,
505 2102 539 2160 dc
549 2106 635 2161 Iocob
648 2108 675 2160 et
688 2107 750 2161 otio
759 2105 857 2170 beato,
868 2100 903 2159 dc
913 2102 1029 2173 Ioseph,
1043 2118 1075 2158 ac
1087 2097 1120 2158 otc
1132 2105 1222 2158 Berre-

291 2179 463 2240 dictionibus
474 2182 728 2240 Potriorchoroot.

322 2263 476 2320 Secundam
493 2264 528 2319 nd
548 2263 697 2318 Maximum
718 2264 884 2333 legationem
901 2263 1016 2334 suscipit
1040 2262 1219 2328 Ambrosius,

289 2359 374 2415 quem
392 2343 576 2399 Mediolanum
592 2342 779 2398 revertentem
796 2357 912 2414 propere
931 2343 1066 2414 sequutus
1087 2343 1230 2397 Maximus.

289 2424 396 2478 ltaliam
407 2423 520 2479 invadit.
531 2423 752 2478 Thessalonicam
763 2435 830 2480 vero
845 2422 880 2476 ad
898 2421 1080 2477 Theodosium
1093 2421 1220 2477 Valenti-

289 2502 388 2557 nianus
399 2517 463 2556 cum
475 2503 563 2557 matre
576 2501 709 2572 confugit.

322 2581 387 2634 Fato
399 2580 524 2634 concedit
535 2581 652 2635 Iustina.
671 2609 702 2620 -
717 2583 785 2635 Cum
796 2581 989 2636 Valentiniano
1004 2579 1104 2634 transit
1120 2578 1148 2631 in
1166 2582 1220 2633 lta-

289 2660 355 2714 liam
377 2660 560 2726 Theodosius,
583 2660 788 2730 Marimnmque
810 2660 917 2715 duobus
939 2660 1064 2714 cladibus
1087 2657 1220 2712 affectum

288 2735 381 2810 'gladio
392 2739 525 2795 interimit
537 2753 623 2808 prope
635 2739 802 2810 Aquileiam.
817 2768 847 2778 -
860 2739 925 2793 lnde
942 2753 1070 2793 reversus
1086 2738 1220 2792 Mediola-

290 2834 376 2886 num,
393 2818 427 2874 de
444 2834 500 2890 quo
517 2820 622 2875 exierat
645 2818 819 2883 Ambrosius,
836 2832 897 2873 rem
918 2818 946 2872 et
964 2833 1075 2873 causam
1095 2817 1228 2873 Callinici-

289 2898 372 2953 castri
388 2898 523 2968 episcopi,
537 2899 586 2969 qni
598 2911 765 2968 synagogam
780 2896 941 2953 ludaeorum
957 2897 1132 2962 incenderat,
1145 2897 1219 2966 apud

288 2977 470 3032 Theodosium
482 2976 615 3032 defendit.

322 3057 487 3111 Scribuntur
497 3059 698 3112 hexaemeron
709 3057 774 3112 libri
788 3070 847 3112 sex.

324 3137 391 3189 cum
402 3135 537 3191 loriniani
550 3150 658 3191 errores
672 3136 819 3190 monachos
831 3134 936 3205 aliquot
948 3135 1162 3191 Mediolanenses
1176 3135 1221 3188 in·

291 3212 433 3280 fecissent,
453 3207 479 3270 S‘.
502 3214 675 3280 Ambrosius,
696 3215 796 3270 litteris
814 3229 830 3269 a
849 3218 964 3269 Smrcro
988 3228 1059 3284 papa
1081 3213 1218 3281 acceptis,

290 3293 418 3349 haeresim
430 3293 458 3349 in
470 3293 529 3364 ipso
540 3294 625 3349 natali
641 3295 701 3348 loco
716 3292 845 3348 confodit.
861 3323 891 3333 -
904 3293 1005 3349 Eodem
1018 3293 1129 3347 circiter
1144 3295 1220 3347 tem·

288 3386 355 3442 pore
367 3373 488 3428 eduntur
498 3372 708 3429 nuenarianae
721 3375 754 3428 io
768 3373 896 3444 psalmos
911 3375 985 3438 XII,
1002 3374 1081 3436 XLV,
1099 3374 1220 3437 XLVII,

289 3454 419 3518 XLVIII,
431 3454 500 3508 LXI.

323 3536 354 3587 ln
366 3531 575 3603 quadragesima
592 3535 678 3590 habiti
693 3537 759 3589 sunt
775 3548 916 3590 sermones
929 3528 964 3588 de
976 3532 1041 3588 Ill-io
1053 3534 1081 3586 et
1092 3531 1217 3600 jejunio.

323 3612 514 3667 Thessalonica
523 3614 621 3668 civitas
632 3613 661 3667 in
673 3613 816 3683 praefectos
825 3628 889 3668 suos
898 3613 1033 3669 seditione
1042 3613 1129 3668 saevit.
1137 3613 1221 3680 Cujus

290 3689 419 3745 facinoris
435 3692 524 3760 primo
539 3693 649 3747 veniam
666 3708 726 3749 sese
742 3706 937 3748 concessurum
951 3693 1094 3747 Ambrosio
1112 3691 1219 3760 promi-

291 3770 364 3823 serat
390 3769 567 3825 Theodosius.
593 3774 722 3841 Dumque
745 3771 889 3826 Mediolani
913 3771 1060 3826 concillum
1088 3770 1226 3825 adversus·

290 3847 442 3902 ithacianos
453 3848 613 3914 haberetur,
625 3851 714 3904 vietus
728 3849 882 3905 aulicorum
899 3850 979 3905 malis
994 3850 1113 3905 consiliis
1130 3853 1221 3919 lmpe-

289 3929 373 3992 rator,
391 3928 644 3983 Thessalonicenses
659 3929 733 3984 cives
755 3929 926 3986 atrocissime
947 3930 1040 4000 puniri
1055 3930 1145 4000 jubet.
1165 3929 1220 3996 lpsi

214 4079 218 4087 Ι
292 4004 453 4076 poenitentia
465 4006 575 4076 publica
584 4007 618 4061 ab
632 4007 774 4062 Ambrosio
787 4006 930 4076 infligitur.
