2752 4806
537 368 724 419 aututino
740 372 830 428 vlvl.
1185 371 1228 416 vll

145 423 253 515 reliqua
270 459 332 514 quae
348 445 451 516 scripta
467 448 575 504 suntin
591 450 675 516 libro,
691 451 740 520 qui
756 447 790 507 de
806 450 1011 540 locouuttoco
1026 448 1142 506 botatici
1158 448 1227 504 inti·

145 524 259 578 tulatur.

180 604 220 656 itt
231 602 327 657 Occiso
338 601 433 674 itaque
442 605 573 662 Gratiano
584 605 767 675 imperatore
782 606 936 676 ιιιιριιιιι
945 619 1066 676 eorporis
1074 606 1226 676 eqnscauaa

144 679 293 735 secundam
302 679 337 744 ad
349 681 499 736 Maximum
509 684 631 753 suscepit
640 685 816 757 legationem.
829 683 1000 755 Apudquem
1006 698 1090 754 quam
1099 685 1227 739 musian-

143 761 186 812 ιιι
196 758 300 827 egerit,
312 760 362 829 qui
373 760 492 815 voluerit
503 774 683 831 cognoscere,
698 764 785 832 ipsius
797 763 945 833 legationis
957 763 1102 832 epistolam
1114 761 1150 816 ad
1167 764 1225 820 Va·

105 878 107 882 ,
140 835 469 930 lantinianumjuulorem
480 837 574 895 datam
583 854 652 895 cum
657 841 772 911 legerit
785 841 964 910 approbabit3
978 841 1056 894 nobrs
1067 854 1142 894 emm
1153 840 1224 896 aha

141 929 208 970 uum
217 929 233 970 a
241 916 422 984 promissione
432 917 523 973 visum
534 914 584 975 est
590 919 682 975 iilam
674 935 811 986 inserere,
824 935 861 976 ne
873 920 1011 997 adjunctae
1021 920 1150 989 epistolae
1157 933 1224 988 pro-

140 995 231 1051 linitas
242 995 384 1053 fastidium
395 999 500 1068 legenti
508 998 633 1057 afferret.
645 1003 738 1070 Ipsum
748 1013 815 1056 vero
829 1001 980 1055 Maximum
994 1015 1011 1054 a
1025 999 1226 1056 communionis

139 1075 276 1130 consortio
287 1078 459 1146 segregavit
473 1077 624 1135 admonens
633 1080 665 1134 ut
675 1076 758 1134 eiiusr
770 1093 913 1148 sanguinis
922 1077 1033 1132 Domrm
1044 1092 1103 1142 sur
1114 1078 1142 1132 et
1151 1077 1225 1147 quod

138 1155 315 1223 estgravius,
328 1156 500 1221 innocentis,
517 1158 615 1226 ageret
626 1156 836 1226 poeniteutiam,
852 1171 875 1210 ιι
867 1156 941 1210 sibi
956 1156 1031 1225 apud
1041 1159 1130 1211 beum
1141 1156 1225 1212 vellet

137 1245 199 1287 esse
209 1235 376 1288 consultum.
385 1233 441 1289 Sed
449 1234 496 1291 ille
505 1248 570 1290 oum
580 1234 775 1303 poenitentiam
784 1232 905 1289 declinat
913 1235 1032 1303 superbo
1041 1234 1223 1304 spiritu,nou
1257 1290 1267 1303 ,

136 1311 226 1365 solum
239 1308 376 1376 futuram,
389 1311 439 1367 sed
449 1311 533 1368 etiam
543 1314 710 1381 praesentem
719 1312 836 1367 salutem
846 1311 954 1376 amisit,
965 1325 1139 1381 regnumque
1148 1311 1223 1382 quod

137 1391 209 1444 male
220 1389 376 1459 arripuerat
383 1389 523 1458 ,femineo
534 1390 653 1461 quodam
665 1391 760 1457 modo,
772 1391 871 1446 timore
885 1390 1026 1460 deposuit,
1039 1393 1070 1444 ut
1086 1404 1222 1459 procura·

137 1469 226 1522 torem
237 1482 267 1522 se
277 1468 438 1536 reipublicae
448 1482 503 1522 non
512 1470 707 1538 imperatorem
716 1468 802 1524 fuisse
814 1468 1003 1525 eonfiteretur.

168 1547 212 1602 ιι).
223 1549 330 1602 Mortua
339 1561 405 1604 vero
413 1549 521 1603 lustina
531 1588 539 1615 ,
550 1548 663 1619 quidam
674 1549 828 1619 haruspex,
839 1549 1016 1604 innocentius
1028 1549 1152 1614 nomine,
1165 1563 1220 1603 non

135 1627 227 1681 tamen
241 1639 346 1696 opere,
364 1641 429 1682 cum
441 1628 472 1683 in
487 1641 571 1682 causa
588 1624 787 1683 maleficiorum
799 1629 920 1698 ajudice
937 1631 1131 1698 torqueretur,
1144 1629 1219 1683 aliud

135 1719 219 1775 quam
234 1705 473 1775 interrogabahu,
485 1705 567 1760 fateri
579 1706 680 1775 coepit3
699 1706 835 1761 clamabat
846 1707 928 1762 enim
943 1707 977 1761 ab
992 1707 1097 1775 hugelo
1115 1708 1218 1778 majora

133 1789 270 1843 tormenta
285 1787 338 1841 sibi
348 1787 476 1842 adhiberi
491 1789 585 1858 coqui
601 1788 754 1842 custodiret
764 1790 954 1855 Ambrosium3
966 1790 1096 1859 quoniam
1108 1792 1217 1858 tempo-

68 1880 71 1884 *
132 1867 210 1921 ribus
221 1867 337 1922 Justinae
347 1866 382 1920 ad
393 1867 539 1922 excitanda
548 1867 610 1922 odia
620 1868 823 1936 populorumin
835 1869 1000 1942 Episcopum
1010 1866 1217 1924 cacumantecti

134 1946 262 2000 Ecclesiae
272 1945 472 2012 conscendens,
480 1945 667 2001 medionoctis
677 1944 884 2002 sacrificaverit.
895 1947 947 2002 Sed
956 1948 1060 2016 quanto
1070 1947 1218 2002 instantius

133 2024 162 2078 ιι
176 2024 319 2080 sollicitius
332 2038 416 2094 opera
431 2025 551 2095 maligna
563 2026 726 2090 exercebat,
739 2025 818 2080 tanto
833 2025 921 2094 magis
937 2024 1014 2080 arhor
1029 2026 1125 2094 populi
1139 2026 1217 2082 >cirea

134 2102 216 2159 Edem
224 2104 389 2158 catholicam
398 2105 427 2158 et
436 2103 546 2158 Domini
558 2103 734 2159 Sacerdotem
746 2105 964 2161 convalescebat.
978 2103 1081 2158 Misisse
1091 2118 1120 2159 sc
1132 2103 1216 2159 etiam

134 2184 161 2236 ιι
171 2183 322 2248 daemones,
336 2182 386 2253 qui
398 2183 476 2237 illum
491 2183 712 2250 internecarent,
725 2181 865 2239 fatebatur
879 2198 886 2238 :
899 2181 948 2238 sed
958 2183 1096 2239 daemones
1107 2183 1216 2238 renun-

133 2262 255 2318 tiassese
265 2275 319 2316 non
328 2261 459 2316 solumad
465 2261 557 2330 ipsum
565 2263 791 2333 appropinquare
800 2262 915 2317 minime
923 2275 1122 2330 posse,verum
1130 2261 1216 2316 etiam

133 2353 184 2394 nec
193 2340 230 2394 ad
240 2339 312 2395 iores
321 2340 433 2404 domus,
445 2339 475 2393 in
486 2355 542 2410 qua
551 2342 682 2396 manebat
691 2342 839 2411 Episcopus
844 2356 854 2405 ;
866 2340 931 2410 quia
941 2339 1013 2407 ignis
1022 2339 1216 2406 insuperabilis

133 2433 212 2474 amne
222 2418 291 2477 illud
299 2417 448 2473 aedificium
460 2420 659 2484 communiret,
669 2421 701 2473 ut
713 2420 798 2473 etiarn
809 2419 890 2486 longe
899 2416 980 2485 positi
991 2417 1140 2473 urerentur
1153 2431 1160 2470 :
1172 2417 1216 2471 at·
1302 2467 1304 2475 ,

132 2513 186 2567 que
200 2497 238 2552 ita
247 2511 367 2552 cessasse
376 2499 451 2551 artes
462 2509 540 2560 suas,
553 2496 656 2565 quibus
668 2495 801 2551 adversus
810 2494 920 2549 Domini
933 2494 1107 2550 Sacerdotem
1118 2509 1150 2550 se
1159 2496 1215 2551 ali·

131 2578 200 2647 quid
211 2592 289 2646 posse
302 2577 503 2631 arbitrabatur..
515 2577 593 2632 Alius
607 2577 691 2633 etiam
706 2574 829 2648 gladium
845 2575 938 2632 ferens
949 2576 984 2631 ad
996 2577 1155 2632 cubiculum
1168 2592 1215 2634 ιιι-

131 2672 187 2726 que
201 2655 344 2724 pervenit,
357 2656 389 2709 ιιι
406 2653 575 2712 interficeret
590 2657 765 2715 Sacerdotem
778 2671 785 2710 :
798 2656 847 2712 sed
863 2670 928 2712 curn
939 2657 1073 2710 elevasset
1084 2670 1212 2724 manum,

131 2734 257 2789 districto
274 2732 381 2804 gladio,
396 2732 511 2788 dextera
529 2736 624 2791 exerta
642 2736 671 2789 in
687 2749 752 2790 aera
768 2735 911 2804 obrigente
928 2735 1071 2788 remansit.
1090 2738 1165 2790 Tunc
1182 2751 1213 2791 so

131 2815 273 2870 missuma
287 2813 394 2868 Iustina
409 2815 556 2884 postquam
571 2812 712 2869 confessus
725 2816 781 2878 est,
793 2814 940 2868 brachium
951 2812 1025 2882 quod
1039 2813 1134 2882 inique
1146 2829 1212 2871 cum

131 2893 326 2949 extenderetur
341 2893 516 2962 obriguerat,
529 2894 709 2947 sanatumest
719 2890 899 2947 confessione

92 3009 94 3015 ·
164 2976 206 3029 ιι.
217 2973 352 3028 Paridem
362 2971 719 3048 tempusoumvrrrllustrrs
730 2969 1210 3038 Probuspuerumsuumnotarrum,

130 3052 178 3121 qui
200 3053 302 3120 spiritu
322 3050 464 3105 immundo
483 3032 605 3120 graviter
624 3050 792 3114 vexabatur,
814 3049 959 3103 direxisset
976 3047 1011 3102 ad
1032 3049 1210 3117 Episcopum,

130 3145 271 3200 egressum
284 3145 319 3184 ex
332 3130 403 3184 Urbe
415 3129 518 3183 dimisit
529 3128 696 3193 diabolus,t
684 3129 785 3183 timens
797 3126 932 3182 advirum
945 3129 1071 3181 sanctum
1083 3127 1208 3195 perduci.

130 3210 220 3279 Atque
231 3210 270 3263 ita
286 3221 357 3277 puer
371 3208 506 3278 quamdiu
519 3206 666 3262 Mediolani
684 3206 758 3275 apud
775 3206 939 3275 Episcopum
951 3206 1020 3272 suit,
1034 3207 1129 3260 nulla
1123 3206 1210 3263 millo

64 3319 68 3327 ·
130 3287 231 3342 diaboli
248 3287 398 3341 dominatio
416 3286 544 3354 apparuit
559 3285 628 3340 :sed
642 3286 690 3339 ubi
708 3299 835 3355 egressus
849 3285 1001 3339 Mediolano
1012 3286 1068 3349 ιιι,
1085 3287 1113 3338 ιι
1123 3299 1209 3354 propo

130 3366 231 3420 Urbem
243 3364 384 3432 pervenit,
402 3364 477 3419 idem
490 3363 604 3432 spiritus
615 3363 664 3433 qui
680 3363 758 3418 illum
774 3366 855 3418 antea
867 3364 1017 3427 habuerat,
1029 3377 1130 3417 vexare
1144 3376 1209 3417 eum

129 3444 224 3512 coepit.
240 3442 294 3511 Qui
309 3456 374 3496 cum
389 3443 608 3511 interrogaretur
623 3442 657 3496 ab
678 3441 836 3506 exorcistis,
850 3455 900 3495 cur
918 3440 1051 3531 quamdiu
1064 3439 1208 3493 Mediolani

129 3524 239 3588 luisset,
252 3536 307 3577 non
319 3523 347 3575 in
359 3522 406 3576 illo
419 3521 608 3591 apparuisset,
624 3521 764 3576 confessus
776 3524 818 3575 est
827 3520 980 3574 diabolust'
960 3520 1085 3573 timuisse
1097 3533 1126 3574 se
1137 3521 1207 3574 hm-

129 3603 267 3668 brosium,
282 3603 312 3657 et
325 3600 388 3655 adeo
400 3614 547 3656 recessisse
564 3599 600 3653 ad
612 3601 737 3667 tempus
750 3600 834 3669 atque
846 3597 1039 3665 exspectasse
1031 3612 1060 3651 ιι
1073 3598 1120 3652 rllo
1131 3590 1205 3664 ioco
1280 3667 1284 3678 1

128 3681 176 3734 irbi
191 3681 225 3734 ab
237 3680 284 3733 illo
295 3680 463 3743 recesserat,
474 3676 563 3734 donec
574 3677 786 3735 reverteretur.
806 3690 861 3744 quo
875 3677 1049 3742 revertente,
1066 3691 1115 3733 vas
1131 3679 1206 3749 quod

128 3760 303 3824 deseruerat,
315 3759 472 3827 repetisset.
751 3775 757 3785 ·

160 3839 204 3893 ιι.
215 3838 462 3892 ExtinctoMaximo
468 3837 574 3906 posrto
583 3836 733 3894 Theodosio
745 3837 910 3906 imperatore
919 3836 1078 3902 Mediolani
1089 3837 1205 3890 Ambro-

127 3917 379 3986 siuveroepiscopo
391 3919 468 3970 const
456 3916 539 3971 tituto
554 3917 706 3987 Aquileiae,
724 3916 753 3970 in
770 3915 895 3984 partibus
908 3916 1052 3971 Orientis'
1044 3931 1073 3968 ιι
1085 3913 1204 3983 quodam

128 3993 1202 4066 castelloachristianiavirissyuagogatudaeorumetlucusValentiuianqrurn
