2752 4806
333 397 869 452 annonaraucnuruununus.
999 367 1019 397 ³
1099 361 1143 450 aar
1202 429 1204 434 ·

63 486 182 540 puserqo
192 477 297 538 agricola
311 479 386 528 babet
393 480 591 540 continentiam,
618 477 1144 547 briatuustdlonclixlt,viunmblbitffle·

66 543 220 604 castitatem,
229 545 258 593 ut
267 547 288 594 si
302 559 357 606 qua
367 548 466 596 arbores
476 549 525 597 cito
535 561 592 596 cur·
616 561 664 608 que
673 549 754 607 iustus
771 551 858 598 riuum
875 549 969 609 ebibit;
983 551 1026 598 sed
1035 553 1061 599 de
1071 555 1143 612 eino,

65 613 591 678 vanturiuterram,eteltusiuspermlnaut,
616 617 1142 678 bocest,deujusportionenbavitnbnosi

65 692 108 728 eas
128 683 197 730 velut
222 684 326 743 quadam
345 685 517 745 temperantiae
542 699 592 734 suaa
616 686 1143 748 estomneabsorbereviuum,etintempe-

62 747 126 797 falce
137 752 258 812 succidat,
272 755 301 802 ut
310 755 430 811 abjiciant
444 757 510 816 quod
520 756 592 803 intir-
615 755 692 801 rantis
702 767 822 803 evacuare
837 756 903 815 quod
917 755 1034 808 sumserit
1044 768 1052 801 ε
1064 757 1143 804 couti·

63 826 132 864 nrum
142 822 196 880 est,
206 822 347 880 germinent
360 824 425 883 qnod
435 823 560 870 decorum.
615 823 684 872 nenti
692 823 775 872 antem
782 823 903 876 utendum
910 823 1143 882 mensuraleqitiusu

93 887 147 936 109.
159 889 225 946 Quid
233 891 270 938 est
278 892 343 950 quod
348 892 430 950 iustus
439 893 548 950 primum
556 891 592 940 vi·
616 890 662 937 est.
680 892 814 941 Ebrietatis
830 893 914 952 itaque
932 893 1028 951 species
1045 892 1143 952 gemina

61 965 136 1002 neam
146 957 254 1016 plantat,
267 960 295 1007 et
309 972 359 1006 uun
376 962 419 1006 aut
428 960 538 1008 triticum
548 961 592 1007 aut
616 959 669 1016 est,
679 971 729 1006 uua
739 973 793 1018 quae
808 959 982 1011 titubationem
993 960 1088 1019 corpori
1100 960 1144 1007 ed·

61 1020 198 1071 hordeum?
207 1026 278 1073 Unde
288 1028 372 1075 autern
383 1027 518 1087 rineapost
527 1028 592 1074 dilu-
616 1026 691 1084 ierat,
707 1028 780 1086 atque
794 1019 850 1085 elus
865 1028 1006 1087 supplantet
1020 1028 1144 1088 uestigia,

60 1088 131 1136 rium
145 1094 377 1153 corruptionemque
392 1094 482 1142 terrae?
496 1094 544 1141 Sed
558 1095 591 1142 de
616 1105 764 1154 sensumque
773 1095 901 1154 perturbet
910 1109 917 1142 ε
926 1097 1065 1155 alteraqnae
1073 1108 1143 1144 meu·

60 1156 109 1206 boe
118 1173 193 1219 supra
202 1160 324 1221 diximus,
335 1161 394 1221 quia
404 1162 472 1209 veris
479 1161 591 1221 tempore
616 1159 668 1206 tem
677 1162 777 1210 virtutis
790 1165 893 1222 vaporet
903 1165 995 1222 qratia,
1006 1164 1032 1211 et
1043 1175 1142 1212 omnem

59 1226 138 1276 etiam
149 1230 319 1288 corruptarum
330 1229 426 1277 radices
436 1228 526 1278 vitium
536 1231 592 1288 pul·
616 1225 784 1278 infirmitatem
803 1230 916 1278 videatur
933 1231 1055 1278 avertere.
1070 1230 1141 1279 Unde

58 1293 142 1344 lulare
152 1297 296 1356 potueruut.
310 1297 381 1344 Unde
392 1297 418 1344 et
427 1297 490 1344 illud
499 1298 591 1355 majore
615 1297 743 1354 Apostolus
754 1298 789 1346 eit
800 1311 807 1345 r
819 1299 882 1348 Vino
892 1300 981 1346 modico
996 1301 1059 1346 alere
1069 1312 1142 1359 prop·

57 1364 231 1412 sollicitudine
243 1365 388 1413 solvendum
403 1365 590 1426 arbitror,qula
615 1366 649 1410 ter
668 1366 870 1426 frequentatione
889 1367 1046 1425 infirmitates.
1066 1366 1142 1414 Sicut

54 1429 141 1488 justus
160 1434 231 1491 prius
250 1447 305 1492 quae
326 1433 500 1493 voluptuaria,
516 1445 590 1493 qnam
614 1433 681 1480 euim
694 1434 741 1481 isto
756 1434 858 1481 bibendi
872 1434 1039 1482 moderamine
1052 1435 1139 1483 vinum

55 1511 117 1558 quae
125 1501 261 1548 necessaria
269 1502 325 1548 snut
333 1503 445 1561 requirit.
454 1502 587 1550 Necessarii
612 1509 661 1545 uon
679 1499 817 1549 infirmitati
831 1501 883 1559 est,
899 1501 943 1548 sed
961 1500 1049 1560 saluti,
1064 1502 1139 1561 atque

57 1571 128 1620 enim
137 1570 293 1618 fructussunt
301 1569 379 1618 tritici
393 1570 418 1617 et
426 1570 587 1629 bordei,siue
612 1578 709 1615 omnem
725 1569 894 1617 infirmitatem
906 1571 998 1617 allevat
1009 1571 1137 1629 corporis:

55 1638 152 1698 quibus
169 1649 217 1684 nou
237 1650 364 1696 possumus
381 1640 466 1686 vivere
480 1651 488 1684 ε
502 1639 587 1686 vinum
611 1635 647 1681 ita
656 1636 730 1684 etiam
742 1638 848 1687 ebrietas
861 1639 904 1684 illa
914 1640 1031 1699 praeclara
1041 1633 1139 1685 omn'ern

57 1706 144 1753 autem
155 1705 352 1764 voluptuarium,
363 1706 388 1753 et
398 1706 587 1753 causadelecta-
611 1703 778 1752 infirmitatem
795 1707 877 1753 carnis
894 1705 1023 1764 excludit,
1039 1705 1071 1752 de
1089 1718 1139 1766 qua

57 1773 134 1822 tionis
141 1773 233 1821 datum.
242 1774 311 1832 Quod
321 1773 466 1833 qnialustus
474 1773 521 1833 est,
529 1775 586 1822 ideo
610 1772 1139 1835 scriptumestalltpoculumiacbn'oasquom

58 1841 108 1889 sibi
124 1842 202 1900 magis
219 1841 266 1888 boc
284 1841 350 1901 quod
367 1842 503 1889 secundum
519 1845 585 1901 erat,
609 1844 749 1900 praclarum
765 1846 817 1892 cst!
831 1846 890 1903 Quae
904 1844 996 1892 sitista
1013 1843 1138 1892 ebrietas?

57 1921 131 1968 quam
139 1909 204 1968 quod
211 1909 318 1968 primum
328 1909 533 1967 est,vindicavit.
540 1911 587 1957 lle·
610 1910 763 1959 laebriamiai
768 1944 776 1968 ,
785 1913 879 1972 inquit,
890 1927 937 1960 aaa
948 1915 1002 1960 eino
1012 1915 1038 1960 in
1048 1926 1094 1973 quo
1102 1916 1138 1962 cst

59 1978 164 2025 cessaria
176 1979 242 2025 enim
250 1978 368 2025 alimenta
375 1978 476 2026 vivendi
483 1980 535 2025 Deo
543 1979 587 2026 ‹le-
610 1977 708 2024 lunone
725 1981 786 2026 :sed
800 1981 927 2038 implemini
943 1983 1032 2040 Spiritu
1040 1983 1136 2038 sancto,
1221 2004 1239 2015 ··

57 2045 132 2103 tulit,
144 2046 209 2104 quod
228 2045 281 2092 erat
290 2044 310 2091 ⁴.
329 2044 486 2103 Superlluum
504 2046 588 2094 autem
611 2043 674 2090 sicut
683 2045 810 2104 apostolus
821 2047 893 2094 uixit.
907 2048 937 2094 nt
948 2047 1081 2094 secundum
1092 2047 1137 2095 lit-

56 2113 145 2161 uiuum
155 2113 314 2170 bominibus,
325 2113 351 2160 et
365 2113 540 2160 necessarium.
611 2111 688 2157 teram
704 2113 780 2171 igitur
795 2113 878 2160 cautio
893 2115 948 2173 est,
964 2115 989 2161 et
1002 2114 1136 2160 secundum

88 2181 142 2228 llll.
153 2180 200 2228 Sed
208 2180 270 2228 forte
281 2180 348 2228 dicas
358 2180 394 2228 ita
404 2181 458 2228 alne
467 2182 527 2240 potu
536 2194 586 2229 non
610 2179 722 2228 altiorem
730 2182 848 2242 sapientis
857 2195 965 2241 sensnm,
973 2182 1080 2235 laudatio
1089 2182 1136 2229 est.

56 2261 129 2310 posse
144 2249 255 2297 homines
265 2250 351 2297 vivere
361 2283 369 2310 ,
380 2250 585 2310 quemadmodum
610 2251 697 2297 Cautus
712 2252 806 2312 estqui
822 2253 868 2300 etsi
884 2253 1005 2310 nudatur,
1022 2251 1050 2299 in
1065 2244 1136 2298 domo

58 2317 136 2365 etiam
150 2318 203 2366 siue
222 2317 286 2366 cibo.
303 2318 458 2366 Necessariae
475 2319 512 2367 est
528 2332 585 2378 erqo
609 2319 692 2364 tamen
709 2320 815 2367 nudatur
832 2333 875 2367 sua
891 2352 898 2378 ,
916 2321 960 2367 ubi
983 2320 1136 2379 operimenta

56 2387 144 2447 potus,
152 2387 218 2435 sicut
229 2388 317 2435 cibus:
328 2399 377 2433 nou
386 2387 474 2434 abnuo.
484 2388 529 2434 Siti
537 2391 586 2435 uti·
610 2398 659 2432 non
669 2387 764 2445 desint,
779 2391 803 2437 et
814 2389 925 2448 quaedam
937 2388 1045 2448 tegmina
1055 2389 1136 2436 ebrie·
1173 2421 1175 2424 ι

56 2467 107 2516 que
117 2457 270 2504 necessarius
280 2468 294 2502 a
304 2456 407 2502 Domine
420 2456 566 2503 constitutus
577 2470 584 2503 ε
609 2453 679 2511 tatis3
690 2454 719 2500 ut
729 2455 789 2502 uitia
800 2468 844 2502 sua
854 2456 920 2502 uerit
930 2456 1088 2504 abscondere.

54 2536 106 2572 uon
115 2537 233 2585 repugno.
241 2522 270 2569 ut
278 2524 334 2571 ideo
341 2515 464 2583 adpotum
473 2536 586 2571 necessa·
641 2520 694 2566 lla.
709 2523 846 2582 corporalia
857 2523 933 2582 igitur
943 2524 1037 2570 nullum
1048 2536 1136 2584 corpus

50 2592 122 2640 rium
138 2593 219 2640 fontes
236 2593 262 2640 et
275 2591 377 2638 llumiua
388 2589 503 2639 conuenit
520 2593 585 2640 deri·
609 2590 713 2650 tegunt,
731 2594 759 2639 nt
776 2595 883 2653 parietes
902 2595 927 2641 et
945 2595 1010 2641 tecta
1028 2595 1135 2642 :animae

53 2673 194 2719 vare,quae
214 2672 264 2706 non
282 2658 369 2717 utique
387 2671 462 2705 mauu
480 2660 585 2709 bominis
610 2659 691 2706 autem
702 2674 755 2721 quae
770 2663 820 2710 sint
834 2663 986 2722 operimenta
997 2663 1134 2711 videamus.

52 2729 159 2785 allecta,
175 2726 220 2774 scd
229 2726 328 2774 Domini
338 2726 386 2773 Dei
396 2727 472 2773 nostri
479 2727 548 2785 iussu
559 2730 586 2776 et
609 2726 657 2773 Sed
664 2729 723 2776 tunc
732 2731 883 2788 operimenta
891 2730 1064 2789 reperimus,si
1073 2742 1136 2777 eun·

53 2795 200 2857 operatione
211 2792 347 2841 fluxerunt.
358 2793 388 2840 lt
399 2806 431 2840 ne
446 2795 504 2853 qula
522 2796 586 2842 dixi·
609 2795 732 2844 dationem
750 2799 803 2855 eius
820 2797 1016 2845 discusserimus.
1033 2798 1136 2844 Gemina

54 2878 113 2920 mus
126 2863 295 2923 operationem
306 2862 419 2921 Domini,
431 2862 462 2909 ad
472 2863 534 2909 illud
545 2877 586 2912 re·
609 2865 692 2912 autem
702 2867 802 2913 nudatio
813 2867 940 2925 sapientis.
950 2867 1052 2913 Gemino
1061 2867 1137 2924 igitur

53 2935 172 2992 torqueas
192 2931 258 2990 qnod
277 2931 388 2989 operatio
408 2931 466 2978 Cain
488 2931 586 2980 videtur
609 2935 988 2994 amictnmensnoslrauestltur,
1001 2935 1136 2995 siantpec·

54 2999 244 3046 maledictiones
257 2997 526 3058 habuisse3cousidera
536 3013 584 3048 non
609 3004 689 3050 catum
708 3004 850 3065 imprudens
867 3004 1013 3064 admiserlt3·
1029 3005 1082 3052 baec
1098 3006 1137 3058 est

54 3068 226 3127 operationem
234 3067 359 3114 maledicti
365 3080 455 3119 nomen
462 3069 583 3129 accipere,
608 3071 683 3119 enim'
691 3073 806 3122 enudatio
825 3074 894 3120 velut
905 3074 980 3121 ebria
991 3074 1096 3132 mentis,
1106 3075 1135 3122 ut

53 3136 101 3182 sed
111 3136 176 3194 quod
186 3136 304 3195 scripturn
315 3134 367 3194 est,
376 3136 473 3195 operari
482 3136 582 3185 terram.
606 3143 700 3190 nesciat
710 3143 776 3202 quod
791 3143 931 3203 delinquat,
943 3145 1013 3203 quasi
1024 3157 1080 3204 quae
1094 3143 1135 3192 te·

52 3204 102 3262 Qui
114 3203 181 3250 enim
191 3206 307 3264 operatur
317 3205 407 3252 terram
418 3206 583 3253 mercenarius
606 3211 725 3261 muleutia
735 3214 840 3272 quadam
851 3214 995 3271 ignorantiae
1005 3214 1033 3260 in
1044 3214 1135 3262 uitium

53 3275 101 3320 est.
121 3273 166 3319 llle
182 3273 265 3320 autem
282 3285 331 3321 non
346 3274 529 3332 mercenarius,
540 3276 583 3323 sed
607 3279 710 3326 deducta
718 3281 875 3328 labaturzant
883 3294 967 3327 rursus
977 3281 1135 3340 negligentiae

52 3340 193 3399 Dominus,
211 3341 254 3401 qui
273 3341 307 3389 ait
319 3355 326 3388 a
339 3345 494 3392 betesmon
511 3357 583 3403 usquc
607 3346 633 3392 et
651 3347 793 3405 ignorantia
810 3360 894 3394 somno
912 3348 1008 3406 sepulta
1026 3358 1134 3393 errorem

51 3411 248 3469 modoopcratm
263 3413 285 3458 et
296 3424 336 3470 eqo
352 3423 443 3470 operam
452 3410 517 3467 Quid
525 3424 583 3470 ope·
606 3426 680 3461 snum
692 3427 741 3461 non
756 3416 858 3462 nesciat.
874 3416 933 3472 Quae
944 3427 1000 3460 cum
1017 3413 1136 3459 lucidari-

52 3476 123 3525 ratur
135 3477 277 3536 hujusmodi
288 3477 416 3539 operator?
425 3478 488 3525 Audi
501 3491 507 3524 ε
518 3481 583 3527 Meus
607 3495 675 3540 mus,
686 3483 761 3529 immo
777 3496 833 3530 cum
843 3484 944 3541 peccata
955 3483 1026 3540 plura
1037 3480 1135 3528 incide·

50 3544 181 3605 cibam-est,
194 3549 221 3594 ut
235 3548 324 3606 faciam
341 3547 485 3594 voluntatem
503 3549 583 3596 Patris
607 3552 684 3597 rimus
699 3551 773 3597 etiam
787 3563 832 3610 per
846 3550 975 3596 scientiam
990 3547 999 3609 (
1012 3551 1050 3596 est
1065 3549 1132 3596 enim

52 3615 98 3661 mei
109 3616 149 3674 qui
158 3617 185 3662 ia
196 3617 257 3664 coelis
268 3618 309 3663 est.
608 3620 725 3666 naturalis
733 3620 842 3678 quaedam
851 3620 926 3665 eliam
935 3619 1022 3666 nostrae
1029 3618 1135 3665 infirmi·

83 3682 136 3731 lli.
151 3686 180 3732 nt
194 3684 265 3743 bibit,
277 3685 373 3744 iuquit,
384 3685 411 3731 de
421 3684 489 3743 vino,
501 3686 524 3732 et
533 3686 583 3731 ioe-
608 3687 665 3734 tatis
679 3687 804 3746 ebrietas,
815 3688 843 3734 ut
854 3688 948 3746 impetu
962 3687 1147 3736 delectationis·

608 3756 716 3802 feramur
729 3756 756 3802 in
769 3755 871 3816 uitium,
887 3757 951 3804 sicut
966 3757 1079 3816 plerique
1092 3756 1134 3814 ju-

74 3830 239 3870 wiennensi
250 3833 345 3870 hocloco
358 3832 583 3880 1acuna,seucuiuec
607 3825 685 3873 venili
693 3825 788 3873 accensi
799 3828 888 3883 calore,
897 3827 940 3874 aut
948 3827 1046 3874 luxuria
1055 3828 1081 3873 et
1088 3826 1135 3872 de·

51 3892 97 3921 ¹¹¹⁵*
107 3893 147 3922 ¹¹⁰⁰
155 3885 206 3922 ⁰³1¹·
214 3885 297 3923 menen
305 3890 391 3933 queant.
398 3885 502 3924 Putamus
510 3890 581 3924 ¹³¹¹¹⁰¹¹
607 3893 739 3942 lactatione
750 3893 883 3954 flammati,
894 3896 937 3942 aut
948 3895 1057 3942 avaritiae
1067 3892 1132 3951 rapti

48 3939 582 4040 fflffnqfflssfflffinffifflss51¹⁰&
607 3960 756 4025 cupiditate)
767 3965 833 4012 certe
842 3964 954 4010 omnibus
962 3963 1001 4009 bis
1010 3959 1132 4008 medicina

50 4046 102 4089 ium
113 4045 300 4087 consensimus.
606 4035 746 4092 quraeratur,
762 4034 790 4081 ut
805 4032 896 4094 aliquis
910 4032 977 4090 tegat
991 4023 1131 4085 hujusmodi
